@ARTICLE{Sutherland_1992,
       author = {{Sutherland}, Will and {Saunders}, Will},
        title = "{On the likelihood ratio for source identification.}",
      journal = {\mnras},
     keywords = {Likelihood Ratio, Radio Astronomy, Radio Galaxies, Radio Sources (Astronomy), Identifying, Sky Surveys (Astronomy), Astronomy},
         year = 1992,
        month = dec,
       volume = {259},
        pages = {413-420},
          doi = {10.1093/mnras/259.3.413},
       adsurl = {https://ui.adsabs.harvard.edu/abs/1992MNRAS.259..413S},
      adsnote = {Provided by the SAO/NASA Astrophysics Data System}
}

@ARTICLE{Furlanetto_2018,
	author = {{Furlanetto}, C. and {Dye}, S. and {Bourne}, N. and {Maddox}, S. and
	{Dunne}, L. and {Eales}, S. and {Valiante}, E. and {Smith}, M.~W. and
	{Smith}, D.~J.~B. and {Ivison}, R.~J. and {Ibar}, E.},
	title = "{The second Herschel-ATLAS Data Release - III. Optical and near-infrared counterparts in the North Galactic Plane field}",
	journal = {\mnras},
	keywords = {methods: statistical, catalogues, submillimetre: galaxies, submillimetre: stars, Astrophysics - Astrophysics of Galaxies},
	year = 2018,
	month = jan,
	volume = {476},
	number = {1},
	pages = {961-978},
	doi = {10.1093/mnras/sty151},
	archivePrefix = {arXiv},
	eprint = {1712.07163},
	primaryClass = {astro-ph.GA},
	adsurl = {https://ui.adsabs.harvard.edu/abs/2018MNRAS.476..961F},
	adsnote = {Provided by the SAO/NASA Astrophysics Data System}
}

@ARTICLE{Abazajian_2009,
	author = {{Abazajian}, Kevork N. and {Adelman-McCarthy}, Jennifer K. and
	{Ag{\"u}eros}, Marcel A. and {Allam}, Sahar S. and
	{Allende Prieto}, Carlos and {An}, Deokkeun and {Anderson}, Kurt S.~J. and
	{Anderson}, Scott F. and {Annis}, James and {Bahcall}, Neta A. and
	{Bailer-Jones}, C.~A.~L. and {Barentine}, J.~C. and
	{Bassett}, Bruce A. and {Becker}, Andrew C. and {Beers}, Timothy C. and
	{Bell}, Eric F. and {Belokurov}, Vasily and {Berlind}, Andreas A. and
	{Berman}, Eileen F. and {Bernardi}, Mariangela and
	{Bickerton}, Steven J. and {Bizyaev}, Dmitry and {Blakeslee}, John P. and
	{Blanton}, Michael R. and {Bochanski}, John J. and
	{Boroski}, William N. and {Brewington}, Howard J. and
	{Brinchmann}, Jarle and {Brinkmann}, J. and {Brunner}, Robert J. and
	{Budav{\'a}ri}, Tam{\'a}s and {Carey}, Larry N. and {Carliles}, Samuel and
	{Carr}, Michael A. and {Castander}, Francisco J. and {Cinabro}, David and
	{Connolly}, A.~J. and {Csabai}, Istv{\'a}n and {Cunha}, Carlos E. and
	{Czarapata}, Paul C. and {Davenport}, James R.~A. and {de Haas}, Ernst and
	{Dilday}, Ben and {Doi}, Mamoru and {Eisenstein}, Daniel J. and
	{Evans}, Michael L. and {Evans}, N.~W. and {Fan}, Xiaohui and
	{Friedman}, Scott D. and {Frieman}, Joshua A. and {Fukugita}, Masataka and
	{G{\"a}nsicke}, Boris T. and {Gates}, Evalyn and {Gillespie}, Bruce and
	{Gilmore}, G. and {Gonzalez}, Belinda and {Gonzalez}, Carlos F. and
	{Grebel}, Eva K. and {Gunn}, James E. and {Gy{\"o}ry}, Zsuzsanna and
	{Hall}, Patrick B. and {Harding}, Paul and {Harris}, Frederick H. and
	{Harvanek}, Michael and {Hawley}, Suzanne L. and
	{Hayes}, Jeffrey J.~E. and {Heckman}, Timothy M. and {Hendry}, John S. and
	{Hennessy}, Gregory S. and {Hindsley}, Robert B. and {Hoblitt}, J. and
	{Hogan}, Craig J. and {Hogg}, David W. and {Holtzman}, Jon A. and
	{Hyde}, Joseph B. and {Ichikawa}, Shin-ichi and {Ichikawa}, Takashi and
	{Im}, Myungshin and {Ivezi{\'c}}, {\v{Z}}eljko and {Jester}, Sebastian and
	{Jiang}, Linhua and {Johnson}, Jennifer A. and {Jorgensen}, Anders M. and
	{Juri{\'c}}, Mario and {Kent}, Stephen M. and {Kessler}, R. and
	{Kleinman}, S.~J. and {Knapp}, G.~R. and {Konishi}, Kohki and
	{Kron}, Richard G. and {Krzesinski}, Jurek and {Kuropatkin}, Nikolay and
	{Lampeitl}, Hubert and {Lebedeva}, Svetlana and {Lee}, Myung Gyoon and
	{Lee}, Young Sun and {French Leger}, R. and
	{L{\'e}pine}, S{\'e}bastien and {Li}, Nolan and {Lima}, Marcos and
	{Lin}, Huan and {Long}, Daniel C. and {Loomis}, Craig P. and
	{Loveday}, Jon and {Lupton}, Robert H. and {Magnier}, Eugene and
	{Malanushenko}, Olena and {Malanushenko}, Viktor and {Mand
	elbaum}, Rachel and {Margon}, Bruce and {Marriner}, John P. and
	{Mart{\'\i}nez-Delgado}, David and {Matsubara}, Takahiko and
	{McGehee}, Peregrine M. and {McKay}, Timothy A. and {Meiksin}, Avery and
	{Morrison}, Heather L. and {Mullally}, Fergal and {Munn}, Jeffrey A. and
	{Murphy}, Tara and {Nash}, Thomas and {Nebot}, Ada and
	{Neilsen}, Eric H., Jr. and {Newberg}, Heidi Jo and {Newman}, Peter R. and
	{Nichol}, Robert C. and {Nicinski}, Tom and {Nieto-Santisteban}, Maria and
	{Nitta}, Atsuko and {Okamura}, Sadanori and {Oravetz}, Daniel J. and
	{Ostriker}, Jeremiah P. and {Owen}, Russell and {Padmanabhan}, Nikhil and
	{Pan}, Kaike and {Park}, Changbom and {Pauls}, George and
	{Peoples}, John, Jr. and {Percival}, Will J. and {Pier}, Jeffrey R. and
	{Pope}, Adrian C. and {Pourbaix}, Dimitri and {Price}, Paul A. and
	{Purger}, Norbert and {Quinn}, Thomas and {Raddick}, M. Jordan and
	{Re Fiorentin}, Paola and {Richards}, Gordon T. and
	{Richmond}, Michael W. and {Riess}, Adam G. and {Rix}, Hans-Walter and
	{Rockosi}, Constance M. and {Sako}, Masao and {Schlegel}, David J. and
	{Schneider}, Donald P. and {Scholz}, Ralf-Dieter and
	{Schreiber}, Matthias R. and {Schwope}, Axel D. and
	{Seljak}, Uro{\v{s}} and {Sesar}, Branimir and {Sheldon}, Erin and
	{Shimasaku}, Kazu and {Sibley}, Valena C. and {Simmons}, A.~E. and
	{Sivarani}, Thirupathi and {Allyn Smith}, J. and {Smith}, Martin C. and
	{Smol{\v{c}}i{\'c}}, Vernesa and {Snedden}, Stephanie A. and
	{Stebbins}, Albert and {Steinmetz}, Matthias and {Stoughton}, Chris and
	{Strauss}, Michael A. and {SubbaRao}, Mark and {Suto}, Yasushi and
	{Szalay}, Alexander S. and {Szapudi}, Istv{\'a}n and {Szkody}, Paula and
	{Tanaka}, Masayuki and {Tegmark}, Max and {Teodoro}, Luis F.~A. and
	{Thakar}, Aniruddha R. and {Tremonti}, Christy A. and
	{Tucker}, Douglas L. and {Uomoto}, Alan and {Vanden Berk}, Daniel E. and
	{Vandenberg}, Jan and {Vidrih}, S. and {Vogeley}, Michael S. and
	{Voges}, Wolfgang and {Vogt}, Nicole P. and {Wadadekar}, Yogesh and
	{Watters}, Shannon and {Weinberg}, David H. and {West}, Andrew A. and
	{White}, Simon D.~M. and {Wilhite}, Brian C. and {Wonders}, Alainna C. and
	{Yanny}, Brian and {Yocum}, D.~R. and {York}, Donald G. and
	{Zehavi}, Idit and {Zibetti}, Stefano and {Zucker}, Daniel B.},
	title = "{The Seventh Data Release of the Sloan Digital Sky Survey}",
	journal = {\apjs},
	keywords = {atlases, catalogs, surveys, Astrophysics},
	year = 2009,
	month = jun,
	volume = {182},
	number = {2},
	pages = {543-558},
	doi = {10.1088/0067-0049/182/2/543},
	archivePrefix = {arXiv},
	eprint = {0812.0649},
	primaryClass = {astro-ph},
	adsurl = {https://ui.adsabs.harvard.edu/abs/2009ApJS..182..543A},
	adsnote = {Provided by the SAO/NASA Astrophysics Data System}
}

@ARTICLE{Casali_2007,
	author = {{Casali}, M. and {Adamson}, A. and {Alves de Oliveira}, C. and
	{Almaini}, O. and {Burch}, K. and {Chuter}, T. and {Elliot}, J. and
	{Folger}, M. and {Foucaud}, S. and {Hambly}, N. and {Hastie}, M. and
	{Henry}, D. and {Hirst}, P. and {Irwin}, M. and {Ives}, D. and
	{Lawrence}, A. and {Laidlaw}, K. and {Lee}, D. and {Lewis}, J. and
	{Lunney}, D. and {McLay}, S. and {Montgomery}, D. and {Pickup}, A. and
	{Read}, M. and {Rees}, N. and {Robson}, I. and {Sekiguchi}, K. and
	{Vick}, A. and {Warren}, S. and {Woodward}, B.},
	title = "{The UKIRT wide-field camera}",
	journal = {\aap},
	keywords = {instrumentation: miscellaneous, infrared: general},
	year = 2007,
	month = may,
	volume = {467},
	number = {2},
	pages = {777-784},
	doi = {10.1051/0004-6361:20066514},
	adsurl = {https://ui.adsabs.harvard.edu/abs/2007A&A...467..777C},
	adsnote = {Provided by the SAO/NASA Astrophysics Data System}
}

@ARTICLE{Bourne_2016,
	author = {{Bourne}, N. and {Dunne}, L. and {Maddox}, S.~J. and {Dye}, S. and
	{Furlanetto}, C. and {Hoyos}, C. and {Smith}, D.~J.~B. and {Eales}, S. and
	{Smith}, M.~W.~L. and {Valiante}, E. and {Alpaslan}, M. and
	{Andrae}, E. and {Baldry}, I.~K. and {Cluver}, M.~E. and {Cooray}, A. and
	{Driver}, S.~P. and {Dunlop}, J.~S. and {Grootes}, M.~W. and
	{Ivison}, R.~J. and {Jarrett}, T.~H. and {Liske}, J. and
	{Madore}, B.~F. and {Popescu}, C.~C. and {Robotham}, A.~G. and {Rowland
	s}, K. and {Seibert}, M. and {Thompson}, M.~A. and {Tuffs}, R.~J. and
	{Viaene}, S. and {Wright}, A.~H.},
	title = "{The Herschel-ATLAS Data Release 1 - II. Multi-wavelength counterparts to submillimetre sources}",
	journal = {\mnras},
	keywords = {methods: statistical, catalogues, submillimetre: galaxies, submillimetre: stars, Astrophysics - Astrophysics of Galaxies, Astrophysics - Cosmology and Nongalactic Astrophysics, Astrophysics - Solar and Stellar Astrophysics},
	year = 2016,
	month = oct,
	volume = {462},
	number = {2},
	pages = {1714-1734},
	doi = {10.1093/mnras/stw1654},
	archivePrefix = {arXiv},
	eprint = {1606.09254},
	primaryClass = {astro-ph.GA},
	adsurl = {https://ui.adsabs.harvard.edu/abs/2016MNRAS.462.1714B},
	adsnote = {Provided by the SAO/NASA Astrophysics Data System}
}

@ARTICLE{Fleuren_2012,
	author = {{Fleuren}, S. and {Sutherland}, W. and {Dunne}, L. and
	{Smith}, D.~J.~B. and {Maddox}, S.~J. and {Gonz{\'a}lez-Nuevo}, J. and
	{Findlay}, J. and {Auld}, R. and {Baes}, M. and {Bond}, N.~A. and
	{Bonfield}, D.~G. and {Bourne}, N. and {Cooray}, A. and
	{Buttiglione}, S. and {Cava}, A. and {Dariush}, A. and {De Zotti}, G. and
	{Driver}, S.~P. and {Dye}, S. and {Eales}, S. and {Fritz}, J. and
	{Gunawardhana}, M.~L.~P. and {Hopwood}, R. and {Ibar}, E. and
	{Ivison}, R.~J. and {Jarvis}, M.~J. and {Kelvin}, L. and {Lapi}, A. and
	{Liske}, J. and {Micha{\l}owski}, M.~J. and {Negrello}, M. and
	{Pascale}, E. and {Pohlen}, M. and {Prescott}, M. and {Rigby}, E.~E. and
	{Robotham}, A. and {Scott}, D. and {Temi}, P. and {Thompson}, M.~A. and
	{Valiante}, E. and {van der Werf}, P.},
	title = "{Herschel-ATLAS: VISTA VIKING near-infrared counterparts in the Phase 1 GAMA 9-h data}",
	journal = {\mnras},
	keywords = {methods: statistical, infrared: galaxies, submillimetre: galaxies, Astrophysics - Cosmology and Nongalactic Astrophysics},
	year = 2012,
	month = jul,
	volume = {423},
	number = {3},
	pages = {2407-2424},
	doi = {10.1111/j.1365-2966.2012.21048.x},
	archivePrefix = {arXiv},
	eprint = {1202.3891},
	primaryClass = {astro-ph.CO},
	adsurl = {https://ui.adsabs.harvard.edu/abs/2012MNRAS.423.2407F},
	adsnote = {Provided by the SAO/NASA Astrophysics Data System}
}

@ARTICLE{Ciliegi_2003,
	author = {{Ciliegi}, P. and {Zamorani}, G. and {Hasinger}, G. and {Lehmann}, I. and
	{Szokoly}, G. and {Wilson}, G.},
	title = "{A deep VLA survey at 6 cm in the Lockman Hole}",
	journal = {\aap},
	keywords = {cosmology: observations, galaxies: general: starburst, quasar: general, Astrophysics},
	year = 2003,
	month = feb,
	volume = {398},
	pages = {901-918},
	doi = {10.1051/0004-6361:20021721},
	archivePrefix = {arXiv},
	eprint = {astro-ph/0211625},
	primaryClass = {astro-ph},
	adsurl = {https://ui.adsabs.harvard.edu/abs/2003A&A...398..901C},
	adsnote = {Provided by the SAO/NASA Astrophysics Data System}
}

@ARTICLE{Pearson_2013,
	author = {{Pearson}, E.~A. and {Eales}, S. and {Dunne}, L. and
	{Gonzalez-Nuevo}, J. and {Maddox}, S. and {Aguirre}, J.~E. and
	{Baes}, M. and {Baker}, A.~J. and {Bourne}, N. and {Bradford}, C.~M. and
	{Clark}, C.~J.~R. and {Cooray}, A. and {Dariush}, A. and
	{De Zotti}, G. and {Dye}, S. and {Frayer}, D. and {Gomez}, H.~L. and
	{Harris}, A.~I. and {Hopwood}, R. and {Ibar}, E. and {Ivison}, R.~J. and
	{Jarvis}, M. and {Krips}, M. and {Lapi}, A. and {Lupu}, R.~E. and
	{Micha{\l}owski}, M.~J. and {Rosenman}, M. and {Scott}, D. and
	{Valiante}, E. and {Valtchanov}, I. and {van der Werf}, P. and
	{Vieira}, J.~D.},
	title = "{H-ATLAS: estimating redshifts of Herschel sources from sub-mm fluxes}",
	journal = {\mnras},
	keywords = {galaxies: high-redshift, galaxies: photometry, submillimetre: galaxies, Astrophysics - Cosmology and Nongalactic Astrophysics},
	year = 2013,
	month = nov,
	volume = {435},
	number = {4},
	pages = {2753-2763},
	doi = {10.1093/mnras/stt1369},
	archivePrefix = {arXiv},
	eprint = {1308.5681},
	primaryClass = {astro-ph.CO},
	adsurl = {https://ui.adsabs.harvard.edu/abs/2013MNRAS.435.2753P},
	adsnote = {Provided by the SAO/NASA Astrophysics Data System}
}

@ARTICLE{Valiante_2016,
	author = {{Valiante}, E. and {Smith}, M.~W.~L. and {Eales}, S. and
	{Maddox}, S.~J. and {Ibar}, E. and {Hopwood}, R. and {Dunne}, L. and
	{Cigan}, P.~J. and {Dye}, S. and {Pascale}, E. and {Rigby}, E.~E. and
	{Bourne}, N. and {Furlanetto}, C. and {Ivison}, R.~J.},
	title = "{The Herschel-ATLAS data release 1 - I. Maps, catalogues and number counts}",
	journal = {\mnras},
	keywords = {methods: data analysis, catalogues, surveys, galaxies: statistics, cosmology: observations, submillimetre: galaxies, Astrophysics - Astrophysics of Galaxies, Astrophysics - Cosmology and Nongalactic Astrophysics, Astrophysics - Instrumentation and Methods for Astrophysics},
	year = 2016,
	month = nov,
	volume = {462},
	number = {3},
	pages = {3146-3179},
	doi = {10.1093/mnras/stw1806},
	archivePrefix = {arXiv},
	eprint = {1606.09615},
	primaryClass = {astro-ph.GA},
	adsurl = {https://ui.adsabs.harvard.edu/abs/2016MNRAS.462.3146V},
	adsnote = {Provided by the SAO/NASA Astrophysics Data System}
}

@ARTICLE{Maddox_2018,
	author = {{Maddox}, S.~J. and {Valiante}, E. and {Cigan}, P. and {Dunne}, L. and
	{Eales}, S. and {Smith}, M.~W.~L. and {Dye}, S. and {Furlanetto}, C. and
	{Ibar}, E. and {de Zotti}, G. and {Millard}, J.~S. and {Bourne}, N. and
	{Gomez}, H.~L. and {Ivison}, R.~J. and {Scott}, D. and {Valtchanov}, I.},
	title = "{The Herschel-ATLAS Data Release 2. Paper II. Catalogs of Far-infrared and Submillimeter Sources in the Fields at the South and North Galactic Poles}",
	journal = {\apjs},
	keywords = {catalogs, cosmology: observations, galaxies: statistics, methods: data analysis, submillimeter: galaxies, surveys, Astrophysics - Astrophysics of Galaxies},
	year = 2018,
	month = jun,
	volume = {236},
	number = {2},
	eid = {30},
	pages = {30},
	doi = {10.3847/1538-4365/aab8fc},
	archivePrefix = {arXiv},
	eprint = {1712.07241},
	primaryClass = {astro-ph.GA},
	adsurl = {https://ui.adsabs.harvard.edu/abs/2018ApJS..236...30M},
	adsnote = {Provided by the SAO/NASA Astrophysics Data System}
}

@ARTICLE{Bakx_2018,
	author = {{Bakx}, Tom J.~L.~C. and {Eales}, S.~A. and {Negrello}, M. and
	{Smith}, M.~W.~L. and {Valiante}, E. and {Holland}, W.~S. and
	{Baes}, M. and {Bourne}, N. and {Clements}, D.~L. and
	{Dannerbauer}, H. and {De Zotti}, G. and {Dunne}, L. and {Dye}, S. and
	{Furlanetto}, C. and {Ivison}, R.~J. and {Maddox}, S. and
	{Marchetti}, L. and {Micha{\l}owski}, M.~J. and {Omont}, A. and
	{Oteo}, I. and {Wardlow}, J.~L. and {van der Werf}, P. and {Yang}, C.},
	title = "{The Herschel Bright Sources (HerBS): sample definition and SCUBA-2 observations}",
	journal = {\mnras},
	keywords = {gravitational lensing: strong, galaxies: high-redshift, submillimetre: galaxies, Astrophysics - Astrophysics of Galaxies},
	year = 2018,
	month = jan,
	volume = {473},
	number = {2},
	pages = {1751-1773},
	doi = {10.1093/mnras/stx2267},
	archivePrefix = {arXiv},
	eprint = {1709.01514},
	primaryClass = {astro-ph.GA},
	adsurl = {https://ui.adsabs.harvard.edu/abs/2018MNRAS.473.1751B},
	adsnote = {Provided by the SAO/NASA Astrophysics Data System}
}

@ARTICLE{Ivison_2007,
	author = {{Ivison}, R.~J. and {Greve}, T.~R. and {Dunlop}, J.~S. and
	{Peacock}, J.~A. and {Egami}, E. and {Smail}, Ian and {Ibar}, E. and
	{van Kampen}, E. and {Aretxaga}, I. and {Babbedge}, T. and
	{Biggs}, A.~D. and {Blain}, A.~W. and {Chapman}, S.~C. and
	{Clements}, D.~L. and {Coppin}, K. and {Farrah}, D. and {Halpern}, M. and
	{Hughes}, D.~H. and {Jarvis}, M.~J. and {Jenness}, T. and
	{Jones}, J.~R. and {Mortier}, A.~M.~J. and {Oliver}, S. and
	{Papovich}, C. and {P{\'e}rez-Gonz{\'a}lez}, P.~G. and {Pope}, A. and
	{Rawlings}, S. and {Rieke}, G.~H. and {Rowan-Robinson}, M. and
	{Savage}, R.~S. and {Scott}, D. and {Seigar}, M. and {Serjeant}, S. and
	{Simpson}, C. and {Stevens}, J.~A. and {Vaccari}, M. and {Wagg}, J. and
	{Willott}, C.~J.},
	title = "{The SCUBA HAlf Degree Extragalactic Survey - III. Identification of radio and mid-infrared counterparts to submillimetre galaxies}",
	journal = {\mnras},
	keywords = {galaxies: formation, galaxies: starburst, cosmology: observations, early Universe, Astrophysics},
	year = 2007,
	month = sep,
	volume = {380},
	number = {1},
	pages = {199-228},
	doi = {10.1111/j.1365-2966.2007.12044.x},
	archivePrefix = {arXiv},
	eprint = {astro-ph/0702544},
	primaryClass = {astro-ph},
	adsurl = {https://ui.adsabs.harvard.edu/abs/2007MNRAS.380..199I},
	adsnote = {Provided by the SAO/NASA Astrophysics Data System}
}

@ARTICLE{Smith_2011,
	author = {{Smith}, D.~J.~B. and {Dunne}, L. and {Maddox}, S.~J. and {Eales}, S. and
	{Bonfield}, D.~G. and {Jarvis}, M.~J. and {Sutherland}, W. and
	{Fleuren}, S. and {Rigby}, E.~E. and {Thompson}, M.~A. and
	{Baldry}, I.~K. and {Bamford}, S. and {Buttiglione}, S. and {Cava}, A. and
	{Clements}, D.~L. and {Cooray}, A. and {Croom}, S. and {Dariush}, A. and
	{de Zotti}, G. and {Driver}, S.~P. and {Dunlop}, J.~S. and {Fritz}, J. and
	{Hill}, D.~T. and {Hopkins}, A. and {Hopwood}, R. and {Ibar}, E. and
	{Ivison}, R.~J. and {Jones}, D.~H. and {Kelvin}, L. and {Leeuw}, L. and
	{Liske}, J. and {Loveday}, J. and {Madore}, B.~F. and {Norberg}, P. and
	{Panuzzo}, P. and {Pascale}, E. and {Pohlen}, M. and {Popescu}, C.~C. and
	{Prescott}, M. and {Robotham}, A. and {Rodighiero}, G. and {Scott}, D. and
	{Seibert}, M. and {Sharp}, R. and {Temi}, P. and {Tuffs}, R.~J. and
	{van der Werf}, P. and {van Kampen}, E.},
	title = "{Herschel-ATLAS: counterparts from the ultraviolet-near-infrared in the science demonstration phase catalogue}",
	journal = {\mnras},
	keywords = {methods: statistical, submillimetre: galaxies, Astrophysics - Cosmology and Nongalactic Astrophysics},
	year = 2011,
	month = sep,
	volume = {416},
	number = {2},
	pages = {857-872},
	doi = {10.1111/j.1365-2966.2011.18827.x},
	archivePrefix = {arXiv},
	eprint = {1007.5260},
	primaryClass = {astro-ph.CO},
	adsurl = {https://ui.adsabs.harvard.edu/abs/2011MNRAS.416..857S},
	adsnote = {Provided by the SAO/NASA Astrophysics Data System}
}

@ARTICLE{Bourne_2014,
	author = {{Bourne}, N. and {Maddox}, S.~J. and {Dunne}, L. and {Dye}, S. and
	{Eales}, S. and {Hoyos}, C. and {Gonz{\'a}lez-Nuevo}, J. and
	{Smith}, D.~J.~B. and {Valiante}, E. and {de Zotti}, G. and
	{Ivison}, R.~J. and {Rowlands}, K.},
	title = "{Colour matters: the effects of lensing on the positional offsets between optical and submillimetre galaxies in Herschel-ATLAS}",
	journal = {\mnras},
	keywords = {gravitational lensing: weak, galaxies: statistics, submillimetre: galaxies, Astrophysics - Astrophysics of Galaxies},
	year = 2014,
	month = oct,
	volume = {444},
	number = {2},
	pages = {1884-1892},
	doi = {10.1093/mnras/stu1582},
	archivePrefix = {arXiv},
	eprint = {1407.5994},
	primaryClass = {astro-ph.GA},
	adsurl = {https://ui.adsabs.harvard.edu/abs/2014MNRAS.444.1884B},
	adsnote = {Provided by the SAO/NASA Astrophysics Data System}
}

@INPROCEEDINGS{Vaccari_2016,
	author = {{Vaccari}, M.},
	title = "{HELP: The Herschel Extragalactic Legacy Project and The Coming of Age of Multi-wavelength Astrophysics}",
	keywords = {Physics, Astrophysics - Astrophysics of Galaxies},
	booktitle = {The Universe of Digital Sky Surveys},
	year = 2016,
	editor = {{Napolitano}, Nicola R. and {Longo}, Giuseppe and {Marconi}, Marcella and
	{Paolillo}, Maurizio and {Iodice}, Enrichetta},
	volume = {42},
	month = jan,
	pages = {71},
	doi = {10.1007/978-3-319-19330-4_10},
	archivePrefix = {arXiv},
	eprint = {1508.06444},
	primaryClass = {astro-ph.GA},
	adsurl = {https://ui.adsabs.harvard.edu/abs/2016ASSP...42...71V},
	adsnote = {Provided by the SAO/NASA Astrophysics Data System}
}

@ARTICLE{Millard_2020,
	author = {{Millard}, Jenifer S. and {Eales}, Stephen A. and {Smith}, M.~W.~L. and
	{Gomez}, H.~L. and {Ma{\l}ek}, K. and {Simpson}, J.~M. and {Peng}, Y. and
	{Sawicki}, M. and {Beeston}, R.~A. and {Bunker}, Andrew and {Ao}, Y. and
	{Babul}, A. and {Ho}, L.~C. and {Hwang}, Ho Seong and
	{Micha{\l}owski}, M.~J. and {Scoville}, N. and {Shim}, H. and
	{Toba}, Y.},
	title = "{S2COSMOS: Evolution of gas mass with redshift using dust emission}",
	journal = {\mnras},
	keywords = {galaxies: evolution, galaxies: ISM, galaxies: statistics, submillimetre: ISM; submillimetre: galaxies, Astrophysics - Astrophysics of Galaxies},
	year = 2020,
	month = mar,
	volume = {494},
	number = {1},
	pages = {293-315},
	doi = {10.1093/mnras/staa609},
	archivePrefix = {arXiv},
	eprint = {2003.01727},
	primaryClass = {astro-ph.GA},
	adsurl = {https://ui.adsabs.harvard.edu/abs/2020MNRAS.494..293M},
	adsnote = {Provided by the SAO/NASA Astrophysics Data System}
}

@ARTICLE{Duncan_2019,
	author = {{Duncan}, K.~J. and {Sabater}, J. and {R{\"o}ttgering}, H.~J.~A. and
	{Jarvis}, M.~J. and {Smith}, D.~J.~B. and {Best}, P.~N. and
	{Callingham}, J.~R. and {Cochrane}, R. and {Croston}, J.~H. and
	{Hardcastle}, M.~J. and {Mingo}, B. and {Morabito}, L. and
	{Nisbet}, D. and {Prandoni}, I. and {Shimwell}, T.~W. and {Tasse}, C. and
	{White}, G.~J. and {Williams}, W.~L. and {Alegre}, L. and
	{Chy{\.z}y}, K.~T. and {G{\"u}rkan}, G. and {Hoeft}, M. and
	{Kondapally}, R. and {Mechev}, A.~P. and {Miley}, G.~K. and
	{Schwarz}, D.~J. and {van Weeren}, R.~J.},
	title = "{The LOFAR Two-metre Sky Survey. IV. First Data Release: Photometric redshifts and rest-frame magnitudes}",
	journal = {\aap},
	keywords = {radio continuum: galaxies, galaxies: active, galaxies: distances and redshifts, Astrophysics - Astrophysics of Galaxies, Astrophysics - Cosmology and Nongalactic Astrophysics, Astrophysics - High Energy Astrophysical Phenomena},
	year = 2019,
	month = feb,
	volume = {622},
	eid = {A3},
	pages = {A3},
	doi = {10.1051/0004-6361/201833562},
	archivePrefix = {arXiv},
	eprint = {1811.07928},
	primaryClass = {astro-ph.GA},
	adsurl = {https://ui.adsabs.harvard.edu/abs/2019A&A...622A...3D},
	adsnote = {Provided by the SAO/NASA Astrophysics Data System}
}

@ARTICLE{GonzalezNuevo_2019,
	author = {{Gonz{\'a}lez-Nuevo}, J. and {Su{\'a}rez G{\'o}mez}, S.~L. and
	{Bonavera}, L. and {S{\'a}nchez-Lasheras}, F. and {Arg{\"u}eso}, F. and
	{Toffolatti}, L. and {Herranz}, D. and
	{Gonz{\'a}lez-Guti{\'e}rrez}, C. and {Garc{\'\i}a Riesgo}, F. and
	{de Cos Juez}, F.~J.},
	title = "{SHALOS: Statistical Herschel-ATLAS lensed objects selection}",
	journal = {\aap},
	keywords = {gravitational lensing: strong, methods: data analysis, submillimeter: galaxies, Astrophysics - Astrophysics of Galaxies},
	year = 2019,
	month = jul,
	volume = {627},
	eid = {A31},
	pages = {A31},
	doi = {10.1051/0004-6361/201935475},
	archivePrefix = {arXiv},
	eprint = {1903.06424},
	primaryClass = {astro-ph.GA},
	adsurl = {https://ui.adsabs.harvard.edu/abs/2019A&A...627A..31G},
	adsnote = {Provided by the SAO/NASA Astrophysics Data System}
}

@ARTICLE{Bakx_2020,
	author = {{Bakx}, Tom J.~L.~C. and {Eales}, Stephen and {Amvrosiadis}, Aristeidis},
	title = "{A search for the lenses in the Herschel Bright Sources (HerBS) sample}",
	journal = {\mnras},
	keywords = {gravitational lensing: strong, galaxies: high redshift, submillimetre: galaxies, Astrophysics - Astrophysics of Galaxies},
	year = 2020,
	month = apr,
	volume = {493},
	number = {3},
	pages = {4276-4293},
	doi = {10.1093/mnras/staa506},
	archivePrefix = {arXiv},
	eprint = {2002.08373},
	primaryClass = {astro-ph.GA},
	adsurl = {https://ui.adsabs.harvard.edu/abs/2020MNRAS.493.4276B},
	adsnote = {Provided by the SAO/NASA Astrophysics Data System}
}

@ARTICLE{Lagache_2004,
	author = {{Lagache}, G. and {Dole}, H. and {Puget}, J. -L. and
	{P{\'e}rez-Gonz{\'a}lez}, P.~G. and {Le Floc'h}, E. and {Rieke}, G.~H. and
	{Papovich}, C. and {Egami}, E. and {Alonso-Herrero}, A. and
	{Engelbracht}, C.~W. and {Gordon}, K.~D. and {Misselt}, K.~A. and
	{Morrison}, J.~E.},
	title = "{Polycyclic Aromatic Hydrocarbon Contribution to the Infrared Output Energy of the Universe at z \raisebox{-0.5ex}\textasciitilde= 2}",
	journal = {\apjs},
	keywords = {Galaxies: Evolution, Galaxies: High-Redshift, Infrared: Galaxies, ISM: Lines and Bands, Astrophysics},
	year = 2004,
	month = sep,
	volume = {154},
	number = {1},
	pages = {112-117},
	doi = {10.1086/422392},
	archivePrefix = {arXiv},
	eprint = {astro-ph/0406016},
	primaryClass = {astro-ph},
	adsurl = {https://ui.adsabs.harvard.edu/abs/2004ApJS..154..112L},
	adsnote = {Provided by the SAO/NASA Astrophysics Data System}
}

@ARTICLE{Cai_2013,
	author = {{Cai}, Zhen-Yi and {Lapi}, Andrea and {Xia}, Jun-Qing and
	{De Zotti}, Gianfranco and {Negrello}, Mattia and
	{Gruppioni}, Carlotta and {Rigby}, Emma and {Castex}, Guillaume and
	{Delabrouille}, Jacques and {Danese}, Luigi},
	title = "{A Hybrid Model for the Evolution of Galaxies and Active Galactic Nuclei in the Infrared}",
	journal = {\apj},
	keywords = {galaxies: elliptical and lenticular, cD, galaxies: evolution, galaxies: formation, galaxies: high-redshift, submillimeter: galaxies, Astrophysics - Cosmology and Extragalactic Astrophysics},
	year = 2013,
	month = may,
	volume = {768},
	number = {1},
	eid = {21},
	pages = {21},
	doi = {10.1088/0004-637X/768/1/21},
	archivePrefix = {arXiv},
	eprint = {1303.2335},
	primaryClass = {astro-ph.CO},
	adsurl = {https://ui.adsabs.harvard.edu/abs/2013ApJ...768...21C},
	adsnote = {Provided by the SAO/NASA Astrophysics Data System}
}


@ARTICLE{Marsden_2011,
	author = {{Marsden}, Gaelen and {Chapin}, Edward L. and {Halpern}, Mark and
	{Patanchon}, Guillaume and {Scott}, Douglas and {Truch}, Matthew D.~P. and
	{Valiante}, Elisabetta and {Viero}, Marco P. and {Wiebe}, Donald V.},
	title = "{A Monte Carlo approach to evolution of the far-infrared luminosity function with BLAST}",
	journal = {\mnras},
	keywords = {stars: formation, galaxies: evolution, galaxies: high-redshift, submillimetre: galaxies, Astrophysics - Cosmology and Nongalactic Astrophysics},
	year = 2011,
	month = oct,
	volume = {417},
	number = {2},
	pages = {1192-1209},
	doi = {10.1111/j.1365-2966.2011.19336.x},
	archivePrefix = {arXiv},
	eprint = {1010.1176},
	primaryClass = {astro-ph.CO},
	adsurl = {https://ui.adsabs.harvard.edu/abs/2011MNRAS.417.1192M},
	adsnote = {Provided by the SAO/NASA Astrophysics Data System}
}

@ARTICLE{Granato_2004,
	author = {{Granato}, Gian Luigi and {De Zotti}, Gianfranco and {Silva}, Laura and
	{Bressan}, Alessandro and {Danese}, Luigi},
	title = "{A Physical Model for the Coevolution of QSOs and Their Spheroidal Hosts}",
	journal = {\apj},
	keywords = {Galaxies: Elliptical and Lenticular, cD, Galaxies: Evolution, Galaxies: Formation, Galaxies: Quasars: General, Astrophysics},
	year = 2004,
	month = jan,
	volume = {600},
	number = {2},
	pages = {580-594},
	doi = {10.1086/379875},
	archivePrefix = {arXiv},
	eprint = {astro-ph/0307202},
	primaryClass = {astro-ph},
	adsurl = {https://ui.adsabs.harvard.edu/abs/2004ApJ...600..580G},
	adsnote = {Provided by the SAO/NASA Astrophysics Data System}
}

@ARTICLE{Sargent_2012,
	author = {{Sargent}, M.~T. and {B{\'e}thermin}, M. and {Daddi}, E. and {Elbaz}, D.},
	title = "{The Contribution of Starbursts and Normal Galaxies to Infrared Luminosity Functions at z < 2}",
	journal = {\apjl},
	keywords = {cosmology: observations, galaxies: evolution, galaxies: luminosity function, mass function, galaxies: starburst, surveys, Astrophysics - Cosmology and Nongalactic Astrophysics},
	year = 2012,
	month = mar,
	volume = {747},
	number = {2},
	eid = {L31},
	pages = {L31},
	doi = {10.1088/2041-8205/747/2/L31},
	archivePrefix = {arXiv},
	eprint = {1202.0290},
	primaryClass = {astro-ph.CO},
	adsurl = {https://ui.adsabs.harvard.edu/abs/2012ApJ...747L..31S},
	adsnote = {Provided by the SAO/NASA Astrophysics Data System}
}

@ARTICLE{Draine_2007,
	author = {{Draine}, B.~T. and {Li}, Aigen},
	title = "{Infrared Emission from Interstellar Dust. IV. The Silicate-Graphite-PAH Model in the Post-Spitzer Era}",
	journal = {\apj},
	keywords = {ISM: Dust, Extinction, Infrared: Galaxies, Infrared: ISM, Radiation Mechanisms: Thermal, Astrophysics},
	year = 2007,
	month = mar,
	volume = {657},
	number = {2},
	pages = {810-837},
	doi = {10.1086/511055},
	archivePrefix = {arXiv},
	eprint = {astro-ph/0608003},
	primaryClass = {astro-ph},
	adsurl = {https://ui.adsabs.harvard.edu/abs/2007ApJ...657..810D},
	adsnote = {Provided by the SAO/NASA Astrophysics Data System}
}

@ARTICLE{Mullaney_2011,
	author = {{Mullaney}, J.~R. and {Alexander}, D.~M. and {Goulding}, A.~D. and
	{Hickox}, R.~C.},
	title = "{Defining the intrinsic AGN infrared spectral energy distribution and measuring its contribution to the infrared output of composite galaxies}",
	journal = {\mnras},
	keywords = {galaxies: active, quasars: general, galaxies: Seyfert, infrared: galaxies, X-rays: galaxies, Astrophysics - Cosmology and Nongalactic Astrophysics},
	year = 2011,
	month = jun,
	volume = {414},
	number = {2},
	pages = {1082-1110},
	doi = {10.1111/j.1365-2966.2011.18448.x},
	archivePrefix = {arXiv},
	eprint = {1102.1425},
	primaryClass = {astro-ph.CO},
	adsurl = {https://ui.adsabs.harvard.edu/abs/2011MNRAS.414.1082M},
	adsnote = {Provided by the SAO/NASA Astrophysics Data System}
}

@ARTICLE{Cowie_1996,
	author = {{Cowie}, Lennox L. and {Songaila}, Antoinette and {Hu}, Esther M. and
	{Cohen}, J.~G.},
	title = "{New Insight on Galaxy Formation and Evolution From Keck Spectroscopy of the Hawaii Deep Fields}",
	journal = {\aj},
	keywords = {GALAXIES: FORMATION, GALAXIES: EVOLUTION, SURVEYS, Astrophysics},
	year = 1996,
	month = sep,
	volume = {112},
	pages = {839},
	doi = {10.1086/118058},
	archivePrefix = {arXiv},
	eprint = {astro-ph/9606079},
	primaryClass = {astro-ph},
	adsurl = {https://ui.adsabs.harvard.edu/abs/1996AJ....112..839C},
	adsnote = {Provided by the SAO/NASA Astrophysics Data System}
}

@ARTICLE{Lapi_2011,
	author = {{Lapi}, A. and {Gonz{\'a}lez-Nuevo}, J. and {Fan}, L. and {Bressan}, A. and
	{De Zotti}, G. and {Danese}, L. and {Negrello}, M. and {Dunne}, L. and
	{Eales}, S. and {Maddox}, S. and {Auld}, R. and {Baes}, M. and
	{Bonfield}, D.~G. and {Buttiglione}, S. and {Cava}, A. and
	{Clements}, D.~L. and {Cooray}, A. and {Dariush}, A. and {Dye}, S. and
	{Fritz}, J. and {Herranz}, D. and {Hopwood}, R. and {Ibar}, E. and
	{Ivison}, R. and {Jarvis}, M.~J. and {Kaviraj}, S. and
	{L{\'o}pez-Caniego}, M. and {Massardi}, M. and {Micha{\l}owski}, M.~J. and
	{Pascale}, E. and {Pohlen}, M. and {Rigby}, E. and {Rodighiero}, G. and
	{Serjeant}, S. and {Smith}, D.~J.~B. and {Temi}, P. and {Wardlow}, J. and
	{van der Werf}, P.},
	title = "{Herschel-ATLAS Galaxy Counts and High-redshift Luminosity Functions: The Formation of Massive Early-type Galaxies}",
	journal = {\apj},
	keywords = {galaxies: evolution, galaxies: formation, galaxies: high-redshift, submillimeter: galaxies, Astrophysics - Cosmology and Nongalactic Astrophysics},
	year = 2011,
	month = nov,
	volume = {742},
	number = {1},
	eid = {24},
	pages = {24},
	doi = {10.1088/0004-637X/742/1/24},
	archivePrefix = {arXiv},
	eprint = {1108.3911},
	primaryClass = {astro-ph.CO},
	adsurl = {https://ui.adsabs.harvard.edu/abs/2011ApJ...742...24L},
	adsnote = {Provided by the SAO/NASA Astrophysics Data System}
}

@ARTICLE{Saunders_1990,
	author = {{Saunders}, W. and {Rowan-Robinson}, M. and {Lawrence}, A. and
	{Efstathiou}, G. and {Kaiser}, N. and {Ellis}, R.~S. and {Frenk}, C.~S.},
	title = "{The 60-mu.m and far-infrared luminosity functions of IRAS galaxies.}",
	journal = {\mnras},
	keywords = {Computational Astrophysics, Far Infrared Radiation, Galactic Radiation, Infrared Sources (Astronomy), Luminosity, Sky Surveys (Astronomy), Astronomical Catalogs, Infrared Astronomy Satellite, Maximum Likelihood Estimates, Red Shift, Astrophysics},
	year = 1990,
	month = jan,
	volume = {242},
	pages = {318-337},
	doi = {10.1093/mnras/242.3.318},
	adsurl = {https://ui.adsabs.harvard.edu/abs/1990MNRAS.242..318S},
	adsnote = {Provided by the SAO/NASA Astrophysics Data System}
}

@ARTICLE{Negrello_2007,
	author = {{Negrello}, M. and {Perrotta}, F. and {Gonz{\'a}lez-Nuevo}, J. and
	{Silva}, L. and {de Zotti}, G. and {Granato}, G.~L. and
	{Baccigalupi}, C. and {Danese}, L.},
	title = "{Astrophysical and cosmological information from large-scale submillimetre surveys of extragalactic sources}",
	journal = {\mnras},
	keywords = {gravitational lensing, galaxies: evolution, cosmology: observations, submillimetre, Astrophysics},
	year = 2007,
	month = jun,
	volume = {377},
	number = {4},
	pages = {1557-1568},
	doi = {10.1111/j.1365-2966.2007.11708.x},
	archivePrefix = {arXiv},
	eprint = {astro-ph/0703210},
	primaryClass = {astro-ph},
	adsurl = {https://ui.adsabs.harvard.edu/abs/2007MNRAS.377.1557N},
	adsnote = {Provided by the SAO/NASA Astrophysics Data System}
}

@ARTICLE{Lagache_2003,
	author = {{Lagache}, G. and {Dole}, H. and {Puget}, J. -L.},
	title = "{Modelling infrared galaxy evolution using a phenomenological approach}",
	journal = {\mnras},
	keywords = {galaxies: evolution, galaxies: general, galaxies: starburst, cosmology: observations, infrared: galaxies, Astrophysics},
	year = 2003,
	month = jan,
	volume = {338},
	number = {3},
	pages = {555-571},
	doi = {10.1046/j.1365-8711.2003.05971.x},
	archivePrefix = {arXiv},
	eprint = {astro-ph/0209115},
	primaryClass = {astro-ph},
	adsurl = {https://ui.adsabs.harvard.edu/abs/2003MNRAS.338..555L},
	adsnote = {Provided by the SAO/NASA Astrophysics Data System}
}

@ARTICLE{AlonsoHerrero_2004,
	author = {{Alonso-Herrero}, A. and {P{\'e}rez-Gonz{\'a}lez}, P.~G. and
	{Rigby}, J. and {Rieke}, G.~H. and {Le Floc'h}, E. and {Barmby}, P. and
	{Page}, M.~J. and {Papovich}, C. and {Dole}, H. and {Egami}, E. and
	{Huang}, J. -S. and {Rigopoulou}, D. and {Crist{\'o}bal-Hornillos}, D. and
	{Eliche-Moral}, C. and {Balcells}, M. and {Prieto}, M. and {Erwin}, P. and
	{Engelbracht}, C.~W. and {Gordon}, K.~D. and {Werner}, M. and
	{Willner}, S.~P. and {Fazio}, G.~G. and {Frayer}, D. and {Hines}, D. and
	{Kelly}, D. and {Latter}, W. and {Misselt}, K. and {Miyazaki}, S. and
	{Morrison}, J. and {Rieke}, M.~J. and {Wilson}, G.},
	title = "{The Nature of Luminous X-Ray Sources with Mid-Infrared Counterparts}",
	journal = {\apjs},
	keywords = {Galaxies: Active, Galaxies: Fundamental Parameters, Infrared: Galaxies, X-Rays: Galaxies, Astrophysics},
	year = 2004,
	month = sep,
	volume = {154},
	number = {1},
	pages = {155-159},
	doi = {10.1086/422976},
	archivePrefix = {arXiv},
	eprint = {astro-ph/0406153},
	primaryClass = {astro-ph},
	adsurl = {https://ui.adsabs.harvard.edu/abs/2004ApJS..154..155A},
	adsnote = {Provided by the SAO/NASA Astrophysics Data System}
}

@ARTICLE{Negrello_2010,
	author = {{Negrello}, Mattia and {Hopwood}, R. and {De Zotti}, G. and
	{Cooray}, A. and {Verma}, A. and {Bock}, J. and {Frayer}, D.~T. and
	{Gurwell}, M.~A. and {Omont}, A. and {Neri}, R. and {Dannerbauer}, H. and
	{Leeuw}, L.~L. and {Barton}, E. and {Cooke}, J. and {Kim}, S. and
	{da Cunha}, E. and {Rodighiero}, G. and {Cox}, P. and
	{Bonfield}, D.~G. and {Jarvis}, M.~J. and {Serjeant}, S. and
	{Ivison}, R.~J. and {Dye}, S. and {Aretxaga}, I. and {Hughes}, D.~H. and
	{Ibar}, E. and {Bertoldi}, F. and {Valtchanov}, I. and {Eales}, S. and
	{Dunne}, L. and {Driver}, S.~P. and {Auld}, R. and {Buttiglione}, S. and
	{Cava}, A. and {Grady}, C.~A. and {Clements}, D.~L. and {Dariush}, A. and
	{Fritz}, J. and {Hill}, D. and {Hornbeck}, J.~B. and {Kelvin}, L. and
	{Lagache}, G. and {Lopez-Caniego}, M. and {Gonzalez-Nuevo}, J. and
	{Maddox}, S. and {Pascale}, E. and {Pohlen}, M. and {Rigby}, E.~E. and
	{Robotham}, A. and {Simpson}, C. and {Smith}, D.~J.~B. and {Temi}, P. and
	{Thompson}, M.~A. and {Woodgate}, B.~E. and {York}, D.~G. and
	{Aguirre}, J.~E. and {Beelen}, A. and {Blain}, A. and {Baker}, A.~J. and
	{Birkinshaw}, M. and {Blundell}, R. and {Bradford}, C.~M. and
	{Burgarella}, D. and {Danese}, L. and {Dunlop}, J.~S. and
	{Fleuren}, S. and {Glenn}, J. and {Harris}, A.~I. and {Kamenetzky}, J. and
	{Lupu}, R.~E. and {Maddalena}, R.~J. and {Madore}, B.~F. and
	{Maloney}, P.~R. and {Matsuhara}, H. and {Micha{\l}owski}, M.~J. and
	{Murphy}, E.~J. and {Naylor}, B.~J. and {Nguyen}, H. and {Popescu}, C. and
	{Rawlings}, S. and {Rigopoulou}, D. and {Scott}, D. and {Scott}, K.~S. and
	{Seibert}, M. and {Smail}, I. and {Tuffs}, R.~J. and {Vieira}, J.~D. and
	{van der Werf}, P.~P. and {Zmuidzinas}, J.},
	title = "{The Detection of a Population of Submillimeter-Bright, Strongly Lensed Galaxies}",
	journal = {Science},
	keywords = {ASTRONOMY, Astrophysics - Cosmology and Extragalactic Astrophysics},
	year = 2010,
	month = nov,
	volume = {330},
	number = {6005},
	pages = {800},
	doi = {10.1126/science.1193420},
	archivePrefix = {arXiv},
	eprint = {1011.1255},
	primaryClass = {astro-ph.CO},
	adsurl = {https://ui.adsabs.harvard.edu/abs/2010Sci...330..800N},
	adsnote = {Provided by the SAO/NASA Astrophysics Data System}
}

@ARTICLE{Maddox_2020,
	author = {{Maddox}, S.~J. and {Dunne}, L.},
	title = "{MADX - a simple technique for source detection and measurement using multiband imaging from the Herschel-ATLAS survey}",
	journal = {\mnras},
	keywords = {methods: data analysis, techniques: image processing; software: data analysis, Astrophysics - Instrumentation and Methods for Astrophysics, Astrophysics - Astrophysics of Galaxies},
	year = 2020,
	month = apr,
	volume = {493},
	number = {2},
	pages = {2363-2372},
	doi = {10.1093/mnras/staa458},
	archivePrefix = {arXiv},
	eprint = {2002.10840},
	primaryClass = {astro-ph.IM},
	adsurl = {https://ui.adsabs.harvard.edu/abs/2020MNRAS.493.2363M},
	adsnote = {Provided by the SAO/NASA Astrophysics Data System}
}

@ARTICLE{Emerson_2010,
	author = {{Emerson}, J. and {Sutherland}, W.},
	title = "{The Visible and Infrared Survey Telescope for Astronomy (VISTA): Looking Back at Commissioning}",
	journal = {The Messenger},
	year = 2010,
	month = mar,
	volume = {139},
	pages = {2-5},
	adsurl = {https://ui.adsabs.harvard.edu/abs/2010Msngr.139....2E},
	adsnote = {Provided by the SAO/NASA Astrophysics Data System}
}

@ARTICLE{deJong_2013,
	author = {{de Jong}, J.~T.~A. and {Kuijken}, K. and {Applegate}, D. and
	{Begeman}, K. and {Belikov}, A. and {Blake}, C. and {Bout}, J. and
	{Boxhoorn}, D. and {Buddelmeijer}, H. and {Buddendiek}, A. and
	{Cacciato}, M. and {Capaccioli}, M. and {Choi}, A. and {Cordes}, O. and
	{Covone}, G. and {Dall'Ora}, M. and {Edge}, A. and {Erben}, T. and
	{Franse}, J. and {Getman}, F. and {Grado}, A. and {Harnois-Deraps}, J. and
	{Helmich}, E. and {Herbonnet}, R. and {Heymans}, C. and {Hildebrand
	t}, H. and {Hoekstra}, H. and {Huang}, Z. and {Irisarri}, N. and
	{Joachimi}, B. and {K{\"o}hlinger}, F. and {Kitching}, T. and
	{La Barbera}, F. and {Lacerda}, P. and {McFarland}, J. and
	{Miller}, L. and {Nakajima}, R. and {Napolitano}, N.~R. and
	{Paolillo}, M. and {Peacock}, J. and {Pila-Diez}, B. and {Puddu}, E. and
	{Radovich}, M. and {Rifatto}, A. and {Schneider}, P. and
	{Schrabback}, T. and {Sifon}, C. and {Sikkema}, G. and {Simon}, P. and
	{Sutherland}, W. and {Tudorica}, A. and {Valentijn}, E. and
	{van der Burg}, R. and {van Uitert}, E. and {van Waerbeke}, L. and {Veland
	er}, M. and {Verdoes Kleijn}, G. and {Viola}, M. and {Vriend}, W. -J.},
	title = "{The Kilo-Degree Survey}",
	journal = {The Messenger},
	year = 2013,
	month = dec,
	volume = {154},
	pages = {44-46},
	adsurl = {https://ui.adsabs.harvard.edu/abs/2013Msngr.154...44D},
	adsnote = {Provided by the SAO/NASA Astrophysics Data System}
}

@ARTICLE{Edge_2013,
	author = {{Edge}, A. and {Sutherland}, W. and {Kuijken}, K. and {Driver}, S. and
	{McMahon}, R. and {Eales}, S. and {Emerson}, J.~P.},
	title = "{The VISTA Kilo-degree Infrared Galaxy (VIKING) Survey: Bridging the Gap between Low and High Redshift}",
	journal = {The Messenger},
	year = 2013,
	month = dec,
	volume = {154},
	pages = {32-34},
	adsurl = {https://ui.adsabs.harvard.edu/abs/2013Msngr.154...32E},
	adsnote = {Provided by the SAO/NASA Astrophysics Data System}
}

@ARTICLE{Negrello_2017,
	author = {{Negrello}, M. and {Amber}, S. and {Amvrosiadis}, A. and {Cai}, Z. -Y. and
	{Lapi}, A. and {Gonzalez-Nuevo}, J. and {De Zotti}, G. and
	{Furlanetto}, C. and {Maddox}, S.~J. and {Allen}, M. and {Bakx}, T. and
	{Bussmann}, R.~S. and {Cooray}, A. and {Covone}, G. and {Danese}, L. and
	{Dannerbauer}, H. and {Fu}, H. and {Greenslade}, J. and {Gurwell}, M. and
	{Hopwood}, R. and {Koopmans}, L.~V.~E. and {Napolitano}, N. and
	{Nayyeri}, H. and {Omont}, A. and {Petrillo}, C.~E. and
	{Riechers}, D.~A. and {Serjeant}, S. and {Tortora}, C. and
	{Valiante}, E. and {Verdoes Kleijn}, G. and {Vernardos}, G. and
	{Wardlow}, J.~L. and {Baes}, M. and {Baker}, A.~J. and {Bourne}, N. and
	{Clements}, D. and {Crawford}, S.~M. and {Dye}, S. and {Dunne}, L. and
	{Eales}, S. and {Ivison}, R.~J. and {Marchetti}, L. and
	{Micha{\l}owski}, M.~J. and {Smith}, M.~W.~L. and {Vaccari}, M. and
	{van der Werf}, P.},
	title = "{The Herschel-ATLAS: a sample of 500 {\ensuremath{\mu}}m-selected lensed galaxies over 600 deg$^{2}$}",
	journal = {\mnras},
	keywords = {gravitational lensing: strong, galaxies: evolution, galaxies: high-redshift, submillimetre: galaxies, Astrophysics - Astrophysics of Galaxies},
	year = 2017,
	month = mar,
	volume = {465},
	number = {3},
	pages = {3558-3580},
	doi = {10.1093/mnras/stw2911},
	archivePrefix = {arXiv},
	eprint = {1611.03922},
	primaryClass = {astro-ph.GA},
	adsurl = {https://ui.adsabs.harvard.edu/abs/2017MNRAS.465.3558N},
	adsnote = {Provided by the SAO/NASA Astrophysics Data System}
}

@ARTICLE{Clements_2010,
	author = {{Clements}, D.~L. and {Rigby}, E. and {Maddox}, S. and {Dunne}, L. and
	{Mortier}, A. and {Pearson}, C. and {Amblard}, A. and {Auld}, R. and
	{Baes}, M. and {Bonfield}, D. and {Burgarella}, D. and
	{Buttiglione}, S. and {Cava}, A. and {Cooray}, A. and {Dariush}, A. and
	{de Zotti}, G. and {Dye}, S. and {Eales}, S. and {Frayer}, D. and
	{Fritz}, J. and {Gardner}, Jonathan P. and {Gonzalez-Nuevo}, J. and
	{Herranz}, D. and {Ibar}, E. and {Ivison}, R. and {Jarvis}, M.~J. and
	{Lagache}, G. and {Leeuw}, L. and {Lopez-Caniego}, M. and
	{Negrello}, M. and {Pascale}, E. and {Pohlen}, M. and {Rodighiero}, G. and
	{Samui}, S. and {Serjeant}, S. and {Sibthorpe}, B. and {Scott}, D. and
	{Smith}, D.~J.~B. and {Temi}, P. and {Thompson}, M. and
	{Valtchanov}, I. and {van der Werf}, P. and {Verma}, A.},
	title = "{Herschel-ATLAS: Extragalactic number counts from 250 to 500 microns}",
	journal = {\aap},
	keywords = {galaxies: evolution, galaxies: statistics, infrared: galaxies, submillimeter: galaxies, Astrophysics - Cosmology and Nongalactic Astrophysics},
	year = 2010,
	month = jul,
	volume = {518},
	eid = {L8},
	pages = {L8},
	doi = {10.1051/0004-6361/201014581},
	archivePrefix = {arXiv},
	eprint = {1005.2409},
	primaryClass = {astro-ph.CO},
	adsurl = {https://ui.adsabs.harvard.edu/abs/2010A&A...518L...8C},
	adsnote = {Provided by the SAO/NASA Astrophysics Data System}
}

@ARTICLE{Wardlow_2013,
	author = {{Wardlow}, Julie L. and {Cooray}, Asantha and {De Bernardis}, Francesco and
	{Amblard}, A. and {Arumugam}, V. and {Aussel}, H. and {Baker}, A.~J. and
	{B{\'e}thermin}, M. and {Blundell}, R. and {Bock}, J. and
	{Boselli}, A. and {Bridge}, C. and {Buat}, V. and {Burgarella}, D. and
	{Bussmann}, R.~S. and {Cabrera-Lavers}, A. and {Calanog}, J. and
	{Carpenter}, J.~M. and {Casey}, C.~M. and {Castro-Rodr{\'\i}guez}, N. and
	{Cava}, A. and {Chanial}, P. and {Chapin}, E. and {Chapman}, S.~C. and
	{Clements}, D.~L. and {Conley}, A. and {Cox}, P. and {Dowell}, C.~D. and
	{Dye}, S. and {Eales}, S. and {Farrah}, D. and {Ferrero}, P. and
	{Franceschini}, A. and {Frayer}, D.~T. and {Frazer}, C. and {Fu}, Hai and
	{Gavazzi}, R. and {Glenn}, J. and {Gonz{\'a}lez Solares}, E.~A. and
	{Griffin}, M. and {Gurwell}, M.~A. and {Harris}, A.~I. and
	{Hatziminaoglou}, E. and {Hopwood}, R. and {Hyde}, A. and {Ibar}, E. and
	{Ivison}, R.~J. and {Kim}, S. and {Lagache}, G. and {Levenson}, L. and
	{Marchetti}, L. and {Marsden}, G. and {Martinez-Navajas}, P. and
	{Negrello}, M. and {Neri}, R. and {Nguyen}, H.~T. and {O'Halloran}, B. and
	{Oliver}, S.~J. and {Omont}, A. and {Page}, M.~J. and {Panuzzo}, P. and
	{Papageorgiou}, A. and {Pearson}, C.~P. and {P{\'e}rez-Fournon}, I. and
	{Pohlen}, M. and {Riechers}, D. and {Rigopoulou}, D. and
	{Roseboom}, I.~G. and {Rowan-Robinson}, M. and {Schulz}, B. and
	{Scott}, D. and {Scoville}, N. and {Seymour}, N. and {Shupe}, D.~L. and
	{Smith}, A.~J. and {Streblyanska}, A. and {Strom}, A. and
	{Symeonidis}, M. and {Trichas}, M. and {Vaccari}, M. and
	{Vieira}, J.~D. and {Viero}, M. and {Wang}, L. and {Xu}, C.~K. and
	{Yan}, L. and {Zemcov}, M.},
	title = "{HerMES: Candidate Gravitationally Lensed Galaxies and Lensing Statistics at Submillimeter Wavelengths}",
	journal = {\apj},
	keywords = {gravitational lensing: strong, submillimeter: galaxies, Astrophysics - Cosmology and Nongalactic Astrophysics, Astrophysics - Astrophysics of Galaxies},
	year = 2013,
	month = jan,
	volume = {762},
	number = {1},
	eid = {59},
	pages = {59},
	doi = {10.1088/0004-637X/762/1/59},
	archivePrefix = {arXiv},
	eprint = {1205.3778},
	primaryClass = {astro-ph.CO},
	adsurl = {https://ui.adsabs.harvard.edu/abs/2013ApJ...762...59W},
	adsnote = {Provided by the SAO/NASA Astrophysics Data System}
}

@ARTICLE{Kochanek_1992,
	author = {{Kochanek}, Christopher S.},
	title = "{Do the Redshifts of Gravitational Lens Galaxies Rule Out a Large Cosmological Constant?}",
	journal = {\apj},
	keywords = {Cosmology, Galaxies, Gravitational Lenses, Red Shift, Astronomical Models, Einstein Equations, Astrophysics, COSMOLOGY: GRAVITATIONAL LENSING, COSMOLOGY: OBSERVATIONS, GALAXIES: DISTANCES AND REDSHIFTS},
	year = 1992,
	month = jan,
	volume = {384},
	pages = {1},
	doi = {10.1086/170845},
	adsurl = {https://ui.adsabs.harvard.edu/abs/1992ApJ...384....1K},
	adsnote = {Provided by the SAO/NASA Astrophysics Data System}
}

@ARTICLE{Kochanek_1996,
	author = {{Kochanek}, C.~S.},
	title = "{The Flat-Spectrum Radio Luminosity Function, Gravitational Lensing, Galaxy Ellipticities, and Cosmology}",
	journal = {\apj},
	keywords = {COSMOLOGY: THEORY, GALAXIES: ELLIPTICAL AND LENTICULAR, CD, GALAXIES: LUMINOSITY FUNCTION, MASS FUNCTION, GALAXIES: STRUCTURE, COSMOLOGY: GRAVITATIONAL LENSING, RADIO CONTINUUM: GALAXIES, Astrophysics},
	year = 1996,
	month = dec,
	volume = {473},
	pages = {595},
	doi = {10.1086/178175},
	archivePrefix = {arXiv},
	eprint = {astro-ph/9611231},
	primaryClass = {astro-ph},
	adsurl = {https://ui.adsabs.harvard.edu/abs/1996ApJ...473..595K},
	adsnote = {Provided by the SAO/NASA Astrophysics Data System}
}

@ARTICLE{Grillo_2008,
	author = {{Grillo}, C. and {Lombardi}, M. and {Bertin}, G.},
	title = "{Cosmological parameters from strong gravitational lensing and stellar dynamics in elliptical galaxies}",
	journal = {\aap},
	keywords = {cosmology: theory, cosmology: observations, galaxies:, distances and redshifts, kinematics and dynamics, galaxies: elliptical and, lenticular, cD, gravitational lensing, Astrophysics},
	year = 2008,
	month = jan,
	volume = {477},
	number = {2},
	pages = {397-406},
	doi = {10.1051/0004-6361:20077534},
	archivePrefix = {arXiv},
	eprint = {0711.0882},
	primaryClass = {astro-ph},
	adsurl = {https://ui.adsabs.harvard.edu/abs/2008A&A...477..397G},
	adsnote = {Provided by the SAO/NASA Astrophysics Data System}
}

@ARTICLE{Oguri_2012,
	author = {{Oguri}, Masamune and {Inada}, Naohisa and {Strauss}, Michael A. and
	{Kochanek}, Christopher S. and {Kayo}, Issha and {Shin}, Min-Su and
	{Morokuma}, Tomoki and {Richards}, Gordon T. and {Rusu}, Cristian E. and
	{Frieman}, Joshua A. and {Fukugita}, Masataka and
	{Schneider}, Donald P. and {York}, Donald G. and {Bahcall}, Neta A. and
	{White}, Richard L.},
	title = "{The Sloan Digital Sky Survey Quasar Lens Search. VI. Constraints on Dark Energy and the Evolution of Massive Galaxies}",
	journal = {\aj},
	keywords = {cosmological parameters, cosmology: theory, galaxies: evolution, galaxies: structure, gravitational lensing: strong, Astrophysics - Cosmology and Nongalactic Astrophysics},
	year = 2012,
	month = may,
	volume = {143},
	number = {5},
	eid = {120},
	pages = {120},
	doi = {10.1088/0004-6256/143/5/120},
	archivePrefix = {arXiv},
	eprint = {1203.1088},
	primaryClass = {astro-ph.CO},
	adsurl = {https://ui.adsabs.harvard.edu/abs/2012AJ....143..120O},
	adsnote = {Provided by the SAO/NASA Astrophysics Data System}
}

@ARTICLE{Zhang_2009,
	author = {{Zhang}, Qing-Jun and {Cheng}, Ling-Mei and {Wu}, Yue-Liang},
	title = "{Constraining Dark Energy from the Splitting Angle Statistic of Strong Gravitational Lenses}",
	journal = {\apj},
	keywords = {cosmological parameters, cosmology: observations, cosmology: theory, gravitational lensing, quasars: general, Astrophysics},
	year = 2009,
	month = apr,
	volume = {694},
	number = {2},
	pages = {1402-1412},
	doi = {10.1088/0004-637X/694/2/1402},
	archivePrefix = {arXiv},
	eprint = {0708.2164},
	primaryClass = {astro-ph},
	adsurl = {https://ui.adsabs.harvard.edu/abs/2009ApJ...694.1402Z},
	adsnote = {Provided by the SAO/NASA Astrophysics Data System}
}

@ARTICLE{Blain_1996,
	author = {{Blain}, A.~W.},
	title = "{Galaxy-galaxy gravitational lensing in the millimetre/submillimetre waveband}",
	journal = {\mnras},
	keywords = {METHODS: OBSERVATIONAL, GALAXIES: EVOLUTION, GALAXIES: FORMATION, COSMOLOGY: OBSERVATIONS, GRAVITATIONAL LENSING, RADIO CONTINUUM: GALAXIES},
	year = 1996,
	month = dec,
	volume = {283},
	number = {4},
	pages = {1340-1348},
	doi = {10.1093/mnras/283.4.1340},
	adsurl = {https://ui.adsabs.harvard.edu/abs/1996MNRAS.283.1340B},
	adsnote = {Provided by the SAO/NASA Astrophysics Data System}
}

@ARTICLE{Perrotta_2002,
	author = {{Perrotta}, F. and {Baccigalupi}, C. and {Bartelmann}, M. and
	{De Zotti}, G. and {Granato}, G.~L.},
	title = "{Gravitational lensing of extended high-redshift sources by dark matter haloes}",
	journal = {\mnras},
	keywords = {GRAVITATIONAL LENSING, GALAXIES: HALOES},
	year = 2002,
	month = jan,
	volume = {329},
	number = {2},
	pages = {445-455},
	doi = {10.1046/j.1365-8711.2002.05009.x},
	adsurl = {https://ui.adsabs.harvard.edu/abs/2002MNRAS.329..445P},
	adsnote = {Provided by the SAO/NASA Astrophysics Data System}
}

@ARTICLE{Paciga_2009,
	author = {{Paciga}, Gregory and {Scott}, Douglas and {Chapin}, Edward L.},
	title = "{Strong lensing of submillimetre galaxies: a tracer of foreground structure?}",
	journal = {\mnras},
	keywords = {gravitational lensing, galaxies: high-redshift, galaxies: statistics, cosmology: observations, submillimetre, Astrophysics},
	year = 2009,
	month = may,
	volume = {395},
	number = {2},
	pages = {1153-1162},
	doi = {10.1111/j.1365-2966.2009.14627.x},
	archivePrefix = {arXiv},
	eprint = {0801.0274},
	primaryClass = {astro-ph},
	adsurl = {https://ui.adsabs.harvard.edu/abs/2009MNRAS.395.1153P},
	adsnote = {Provided by the SAO/NASA Astrophysics Data System}
}

@ARTICLE{Oliver_2012,
	author = {{Oliver}, S.~J. and {Bock}, J. and {Altieri}, B. and {Amblard}, A. and
	{Arumugam}, V. and {Aussel}, H. and {Babbedge}, T. and {Beelen}, A. and
	{B{\'e}thermin}, M. and {Blain}, A. and {Boselli}, A. and {Bridge}, C. and
	{Brisbin}, D. and {Buat}, V. and {Burgarella}, D. and
	{Castro-Rodr{\'\i}guez}, N. and {Cava}, A. and {Chanial}, P. and
	{Cirasuolo}, M. and {Clements}, D.~L. and {Conley}, A. and
	{Conversi}, L. and {Cooray}, A. and {Dowell}, C.~D. and
	{Dubois}, E.~N. and {Dwek}, E. and {Dye}, S. and {Eales}, S. and
	{Elbaz}, D. and {Farrah}, D. and {Feltre}, A. and {Ferrero}, P. and
	{Fiolet}, N. and {Fox}, M. and {Franceschini}, A. and {Gear}, W. and
	{Giovannoli}, E. and {Glenn}, J. and {Gong}, Y. and
	{Gonz{\'a}lez Solares}, E.~A. and {Griffin}, M. and {Halpern}, M. and
	{Harwit}, M. and {Hatziminaoglou}, E. and {Heinis}, S. and
	{Hurley}, P. and {Hwang}, H.~S. and {Hyde}, A. and {Ibar}, E. and
	{Ilbert}, O. and {Isaak}, K. and {Ivison}, R.~J. and {Lagache}, G. and
	{Le Floc'h}, E. and {Levenson}, L. and {Faro}, B. Lo and {Lu}, N. and
	{Madden}, S. and {Maffei}, B. and {Magdis}, G. and {Mainetti}, G. and
	{Marchetti}, L. and {Marsden}, G. and {Marshall}, J. and
	{Mortier}, A.~M.~J. and {Nguyen}, H.~T. and {O'Halloran}, B. and
	{Omont}, A. and {Page}, M.~J. and {Panuzzo}, P. and {Papageorgiou}, A. and
	{Patel}, H. and {Pearson}, C.~P. and {P{\'e}rez-Fournon}, I. and
	{Pohlen}, M. and {Rawlings}, J.~I. and {Raymond}, G. and
	{Rigopoulou}, D. and {Riguccini}, L. and {Rizzo}, D. and
	{Rodighiero}, G. and {Roseboom}, I.~G. and {Rowan-Robinson}, M. and
	{S{\'a}nchez Portal}, M. and {Schulz}, B. and {Scott}, Douglas and
	{Seymour}, N. and {Shupe}, D.~L. and {Smith}, A.~J. and
	{Stevens}, J.~A. and {Symeonidis}, M. and {Trichas}, M. and
	{Tugwell}, K.~E. and {Vaccari}, M. and {Valtchanov}, I. and
	{Vieira}, J.~D. and {Viero}, M. and {Vigroux}, L. and {Wang}, L. and
	{Ward}, R. and {Wardlow}, J. and {Wright}, G. and {Xu}, C.~K. and
	{Zemcov}, M.},
	title = "{The Herschel Multi-tiered Extragalactic Survey: HerMES}",
	journal = {\mnras},
	keywords = {surveys, galaxies: evolution, infrared: galaxies, submillimetre: galaxies, Astrophysics - Cosmology and Nongalactic Astrophysics},
	year = 2012,
	month = aug,
	volume = {424},
	number = {3},
	pages = {1614-1635},
	doi = {10.1111/j.1365-2966.2012.20912.x},
	archivePrefix = {arXiv},
	eprint = {1203.2562},
	primaryClass = {astro-ph.CO},
	adsurl = {https://ui.adsabs.harvard.edu/abs/2012MNRAS.424.1614O},
	adsnote = {Provided by the SAO/NASA Astrophysics Data System}
}

@ARTICLE{Nayyeri_2016,
	author = {{Nayyeri}, H. and {Keele}, M. and {Cooray}, A. and {Riechers}, D.~A. and
	{Ivison}, R.~J. and {Harris}, A.~I. and {Frayer}, D.~T. and
	{Baker}, A.~J. and {Chapman}, S.~C. and {Eales}, S. and {Farrah}, D. and
	{Fu}, H. and {Marchetti}, L. and {Marques-Chaves}, R. and
	{Martinez-Navajas}, P.~I. and {Oliver}, S.~J. and {Omont}, A. and
	{Perez-Fournon}, I. and {Scott}, D. and {Vaccari}, M. and {Vieira}, J. and
	{Viero}, M. and {Wang}, L. and {Wardlow}, J.},
	title = "{Candidate Gravitationally Lensed Dusty Star-forming Galaxies in the Herschel Wide Area Surveys}",
	journal = {\apj},
	keywords = {galaxies: high-redshift, galaxies: starburst, gravitational lensing: strong, sub-millimeter: galaxies, Astrophysics - Astrophysics of Galaxies},
	year = 2016,
	month = may,
	volume = {823},
	number = {1},
	eid = {17},
	pages = {17},
	doi = {10.3847/0004-637X/823/1/17},
	archivePrefix = {arXiv},
	eprint = {1601.03401},
	primaryClass = {astro-ph.GA},
	adsurl = {https://ui.adsabs.harvard.edu/abs/2016ApJ...823...17N},
	adsnote = {Provided by the SAO/NASA Astrophysics Data System}
}

@ARTICLE{GonzalezNuevo_2012,
	author = {{Gonz{\'a}lez-Nuevo}, J. and {Lapi}, A. and {Fleuren}, S. and
	{Bressan}, S. and {Danese}, L. and {De Zotti}, G. and {Negrello}, M. and
	{Cai}, Z. -Y. and {Fan}, L. and {Sutherland}, W. and {Baes}, M. and
	{Baker}, A.~J. and {Clements}, D.~L. and {Cooray}, A. and
	{Dannerbauer}, H. and {Dunne}, L. and {Dye}, S. and {Eales}, S. and
	{Frayer}, D.~T. and {Harris}, A.~I. and {Ivison}, R. and
	{Jarvis}, M.~J. and {Micha{\l}owski}, M.~J. and
	{L{\'o}pez-Caniego}, M. and {Rodighiero}, G. and {Rowlands}, K. and
	{Serjeant}, S. and {Scott}, D. and {van der Werf}, P. and {Auld}, R. and
	{Buttiglione}, S. and {Cava}, A. and {Dariush}, A. and {Fritz}, J. and
	{Hopwood}, R. and {Ibar}, E. and {Maddox}, S. and {Pascale}, E. and
	{Pohlen}, M. and {Rigby}, E. and {Smith}, D. and {Temi}, P.},
	title = "{Herschel-ATLAS: Toward a Sample of \raisebox{-0.5ex}\textasciitilde1000 Strongly Lensed Galaxies}",
	journal = {\apj},
	keywords = {galaxies: high-redshift, gravitational lensing: strong, submillimeter: galaxies, Astrophysics - Cosmology and Nongalactic Astrophysics},
	year = 2012,
	month = apr,
	volume = {749},
	number = {1},
	eid = {65},
	pages = {65},
	doi = {10.1088/0004-637X/749/1/65},
	archivePrefix = {arXiv},
	eprint = {1202.0402},
	primaryClass = {astro-ph.CO},
	adsurl = {https://ui.adsabs.harvard.edu/abs/2012ApJ...749...65G},
	adsnote = {Provided by the SAO/NASA Astrophysics Data System}
}

@ARTICLE{Holland_1999,
	author = {{Holland}, W.~S. and {Robson}, E.~I. and {Gear}, W.~K. and
	{Cunningham}, C.~R. and {Lightfoot}, J.~F. and {Jenness}, T. and
	{Ivison}, R.~J. and {Stevens}, J.~A. and {Ade}, P.~A.~R. and
	{Griffin}, M.~J. and {Duncan}, W.~D. and {Murphy}, J.~A. and
	{Naylor}, D.~A.},
	title = "{SCUBA: a common-user submillimetre camera operating on the James Clerk Maxwell Telescope}",
	journal = {\mnras},
	keywords = {INSTRUMENTATION: DETECTORS, TELESCOPES, DUST, EXTINCTION, RADIO CONTINUUM: GALAXIES, RADIO CONTINUUM: ISM, RADIO CONTINUUM: STARS, Astrophysics},
	year = 1999,
	month = mar,
	volume = {303},
	number = {4},
	pages = {659-672},
	doi = {10.1046/j.1365-8711.1999.02111.x},
	archivePrefix = {arXiv},
	eprint = {astro-ph/9809122},
	primaryClass = {astro-ph},
	adsurl = {https://ui.adsabs.harvard.edu/abs/1999MNRAS.303..659H},
	adsnote = {Provided by the SAO/NASA Astrophysics Data System}
}

@ARTICLE{Smail_1997,
	author = {{Smail}, Ian and {Ivison}, R.~J. and {Blain}, A.~W.},
	title = "{A Deep Sub-millimeter Survey of Lensing Clusters: A New Window on Galaxy Formation and Evolution}",
	journal = {\apjl},
	keywords = {COSMOLOGY: OBSERVATIONS, COSMOLOGY: EARLY UNIVERSE, GALAXIES: EVOLUTION, GALAXIES: FORMATION, COSMOLOGY: GRAVITATIONAL LENSING, RADIO CONTINUUM: GALAXIES, Cosmology: Observations, Cosmology: Early Universe, Galaxies: Evolution, Galaxies: Formation, Cosmology: Gravitational Lensing, Radio Continuum: Galaxies, Astrophysics},
	year = 1997,
	month = nov,
	volume = {490},
	number = {1},
	pages = {L5-L8},
	doi = {10.1086/311017},
	archivePrefix = {arXiv},
	eprint = {astro-ph/9708135},
	primaryClass = {astro-ph},
	adsurl = {https://ui.adsabs.harvard.edu/abs/1997ApJ...490L...5S},
	adsnote = {Provided by the SAO/NASA Astrophysics Data System}
}

@ARTICLE{Barger_1998,
	author = {{Barger}, A.~J. and {Cowie}, L.~L. and {Sanders}, D.~B. and
	{Fulton}, E. and {Taniguchi}, Y. and {Sato}, Y. and {Kawara}, K. and
	{Okuda}, H.},
	title = "{Submillimetre-wavelength detection of dusty star-forming galaxies at high redshift}",
	journal = {\nat},
	keywords = {Astrophysics},
	year = 1998,
	month = jul,
	volume = {394},
	number = {6690},
	pages = {248-251},
	doi = {10.1038/28338},
	archivePrefix = {arXiv},
	eprint = {astro-ph/9806317},
	primaryClass = {astro-ph},
	adsurl = {https://ui.adsabs.harvard.edu/abs/1998Natur.394..248B},
	adsnote = {Provided by the SAO/NASA Astrophysics Data System}
}

@ARTICLE{Hughes_1998,
	author = {{Hughes}, David H. and {Serjeant}, Stephen and {Dunlop}, James and
	{Rowan-Robinson}, Michael and {Blain}, Andrew and {Mann}, Robert G. and
	{Ivison}, Rob and {Peacock}, John and {Efstathiou}, Andreas and
	{Gear}, Walter and {Oliver}, Seb and {Lawrence}, Andy and
	{Longair}, Malcolm and {Goldschmidt}, Pippa and {Jenness}, Tim},
	title = "{High-redshift star formation in the Hubble Deep Field revealed by a submillimetre-wavelength survey}",
	journal = {\nat},
	keywords = {Astrophysics},
	year = 1998,
	month = jul,
	volume = {394},
	number = {6690},
	pages = {241-247},
	doi = {10.1038/28328},
	archivePrefix = {arXiv},
	eprint = {astro-ph/9806297},
	primaryClass = {astro-ph},
	adsurl = {https://ui.adsabs.harvard.edu/abs/1998Natur.394..241H},
	adsnote = {Provided by the SAO/NASA Astrophysics Data System}
}

@ARTICLE{Eales_1999,
	author = {{Eales}, Stephen and {Lilly}, Simon and {Gear}, Walter and
	{Dunne}, Loretta and {Bond}, J. Richard and {Hammer}, Francois and
	{Le F{\`e}vre}, Olivier and {Crampton}, David},
	title = "{The Canada-UK Deep Submillimeter Survey: First Submillimeter Images, the Source Counts, and Resolution of the Background}",
	journal = {\apj},
	keywords = {COSMOLOGY: OBSERVATIONS, GALAXIES: EVOLUTION, GALAXIES: STATISTICS, INFRARED: GALAXIES, SUBMILLIMETER, SURVEYS, Cosmology: Observations, Galaxies: Evolution, Galaxies: Statistics, Infrared: Galaxies, Submillimeter, Surveys, Astrophysics},
	year = 1999,
	month = apr,
	volume = {515},
	number = {2},
	pages = {518-524},
	doi = {10.1086/307069},
	archivePrefix = {arXiv},
	eprint = {astro-ph/9808040},
	primaryClass = {astro-ph},
	adsurl = {https://ui.adsabs.harvard.edu/abs/1999ApJ...515..518E},
	adsnote = {Provided by the SAO/NASA Astrophysics Data System}
}

@ARTICLE{Puget_1996,
	author = {{Puget}, J. -L. and {Abergel}, A. and {Bernard}, J. -P. and
	{Boulanger}, F. and {Burton}, W.~B. and {Desert}, F. -X. and
	{Hartmann}, D.},
	title = "{Tentative detection of a cosmic far-infrared background with COBE.}",
	journal = {\aap},
	keywords = {COSMOLOGY: OBSERVATIONS, DIFFUSE RADIATION, GALAXY: FORMATION},
	year = 1996,
	month = apr,
	volume = {308},
	pages = {L5},
	adsurl = {https://ui.adsabs.harvard.edu/abs/1996A&A...308L...5P},
	adsnote = {Provided by the SAO/NASA Astrophysics Data System}
}

@ARTICLE{Dwek_1998,
	author = {{Dwek}, E. and {Arendt}, R.~G. and {Hauser}, M.~G. and {Fixsen}, D. and
	{Kelsall}, T. and {Leisawitz}, D. and {Pei}, Y.~C. and {Wright}, E.~L. and
	{Mather}, J.~C. and {Moseley}, S.~H. and {Odegard}, N. and
	{Shafer}, R. and {Silverberg}, R.~F. and {Weiland}, J.~L.},
	title = "{The COBE Diffuse Infrared Background Experiment Search for the Cosmic Infrared Background. IV. Cosmological Implications}",
	journal = {\apj},
	keywords = {COSMOLOGY: OBSERVATIONS, COSMOLOGY: DIFFUSE RADIATION, ISM: DUST, EXTINCTION, GALAXIES: EVOLUTION, INFRARED: GENERAL, Cosmology: Observations, Cosmology: Diffuse Radiation, ISM: Dust, Extinction, Galaxies: Evolution, Infrared: General, Astrophysics},
	year = 1998,
	month = nov,
	volume = {508},
	number = {1},
	pages = {106-122},
	doi = {10.1086/306382},
	archivePrefix = {arXiv},
	eprint = {astro-ph/9806129},
	primaryClass = {astro-ph},
	adsurl = {https://ui.adsabs.harvard.edu/abs/1998ApJ...508..106D},
	adsnote = {Provided by the SAO/NASA Astrophysics Data System}
}

@ARTICLE{Fixsen_1998,
	author = {{Fixsen}, D.~J. and {Dwek}, E. and {Mather}, J.~C. and {Bennett}, C.~L. and
	{Shafer}, R.~A.},
	title = "{The Spectrum of the Extragalactic Far-Infrared Background from the COBE FIRAS Observations}",
	journal = {\apj},
	keywords = {COSMOLOGY: OBSERVATIONS, COSMOLOGY: DIFFUSE RADIATION, INFRARED: GENERAL, INTERPLANETARY MEDIUM, Cosmology: Observations, Cosmology: Diffuse Radiation, Infrared: General, Interplanetary Medium, Astrophysics},
	year = 1998,
	month = nov,
	volume = {508},
	number = {1},
	pages = {123-128},
	doi = {10.1086/306383},
	archivePrefix = {arXiv},
	eprint = {astro-ph/9803021},
	primaryClass = {astro-ph},
	adsurl = {https://ui.adsabs.harvard.edu/abs/1998ApJ...508..123F},
	adsnote = {Provided by the SAO/NASA Astrophysics Data System}
}

@ARTICLE{Dole_2006,
	author = {{Dole}, H. and {Lagache}, G. and {Puget}, J. -L. and {Caputi}, K.~I. and
	{Fern{\'a}ndez-Conde}, N. and {Le Floc'h}, E. and {Papovich}, C. and
	{P{\'e}rez-Gonz{\'a}lez}, P.~G. and {Rieke}, G.~H. and {Blaylock}, M.},
	title = "{The cosmic infrared background resolved by Spitzer. Contributions of mid-infrared galaxies to the far-infrared background}",
	journal = {\aap},
	keywords = {Astrophysics},
	year = 2006,
	month = may,
	volume = {451},
	number = {2},
	pages = {417-429},
	doi = {10.1051/0004-6361:20054446},
	archivePrefix = {arXiv},
	eprint = {astro-ph/0603208},
	primaryClass = {astro-ph},
	adsurl = {https://ui.adsabs.harvard.edu/abs/2006A&A...451..417D},
	adsnote = {Provided by the SAO/NASA Astrophysics Data System}
}

@ARTICLE{Driver_2008,
	author = {{Driver}, Simon P. and {Popescu}, Cristina C. and {Tuffs}, Richard J. and
	{Graham}, Alister W. and {Liske}, Jochen and {Baldry}, Ivan},
	title = "{The Energy Output of the Universe from 0.1 to 1000 {\ensuremath{\mu}}m}",
	journal = {\apjl},
	keywords = {dust, extinction, galaxies: fundamental parameters, galaxies: photometry, galaxies: spiral, galaxies: structure, Astrophysics},
	year = 2008,
	month = may,
	volume = {678},
	number = {2},
	pages = {L101},
	doi = {10.1086/588582},
	archivePrefix = {arXiv},
	eprint = {0803.4164},
	primaryClass = {astro-ph},
	adsurl = {https://ui.adsabs.harvard.edu/abs/2008ApJ...678L.101D},
	adsnote = {Provided by the SAO/NASA Astrophysics Data System}
}

@ARTICLE{Chapman_2005,
	author = {{Chapman}, S.~C. and {Blain}, A.~W. and {Smail}, Ian and {Ivison}, R.~J.},
	title = "{A Redshift Survey of the Submillimeter Galaxy Population}",
	journal = {\apj},
	keywords = {Cosmology: Observations, Galaxies: Evolution, Galaxies: Formation, Galaxies: Starburst, Astrophysics},
	year = 2005,
	month = apr,
	volume = {622},
	number = {2},
	pages = {772-796},
	doi = {10.1086/428082},
	archivePrefix = {arXiv},
	eprint = {astro-ph/0412573},
	primaryClass = {astro-ph},
	adsurl = {https://ui.adsabs.harvard.edu/abs/2005ApJ...622..772C},
	adsnote = {Provided by the SAO/NASA Astrophysics Data System}
}

@ARTICLE{Casey_2014,
	author = {{Casey}, Caitlin M. and {Narayanan}, Desika and {Cooray}, Asantha},
	title = "{Dusty star-forming galaxies at high redshift}",
	journal = {\physrep},
	keywords = {Astrophysics - Cosmology and Nongalactic Astrophysics, Astrophysics - Astrophysics of Galaxies},
	year = 2014,
	month = aug,
	volume = {541},
	number = {2},
	pages = {45-161},
	doi = {10.1016/j.physrep.2014.02.009},
	archivePrefix = {arXiv},
	eprint = {1402.1456},
	primaryClass = {astro-ph.CO},
	adsurl = {https://ui.adsabs.harvard.edu/abs/2014PhR...541...45C},
	adsnote = {Provided by the SAO/NASA Astrophysics Data System}
}

@ARTICLE{Chapman_2003,
	author = {{Chapman}, S.~C. and {Blain}, A.~W. and {Ivison}, R.~J. and
	{Smail}, Ian R.},
	title = "{A median redshift of 2.4 for galaxies bright at submillimetre wavelengths}",
	journal = {\nat},
	keywords = {Astrophysics},
	year = 2003,
	month = apr,
	volume = {422},
	number = {6933},
	pages = {695-698},
	doi = {10.1038/nature01540},
	archivePrefix = {arXiv},
	eprint = {astro-ph/0304235},
	primaryClass = {astro-ph},
	adsurl = {https://ui.adsabs.harvard.edu/abs/2003Natur.422..695C},
	adsnote = {Provided by the SAO/NASA Astrophysics Data System}
}

@ARTICLE{Wardlow_2011,
	author = {{Wardlow}, J.~L. and {Smail}, Ian and {Coppin}, K.~E.~K. and {Alexand
	er}, D.~M. and {Brandt}, W.~N. and {Danielson}, A.~L.~R. and {Luo}, B. and
	{Swinbank}, A.~M. and {Walter}, F. and {Wei{\ss}}, A. and {Xue}, Y.~Q. and
	{Zibetti}, S. and {Bertoldi}, F. and {Biggs}, A.~D. and
	{Chapman}, S.~C. and {Dannerbauer}, H. and {Dunlop}, J.~S. and
	{Gawiser}, E. and {Ivison}, R.~J. and {Knudsen}, K.~K. and
	{Kov{\'a}cs}, A. and {Lacey}, C.~G. and {Menten}, K.~M. and
	{Padilla}, N. and {Rix}, H. -W. and {van der Werf}, P.~P.},
	title = "{The LABOCA survey of the Extended Chandra Deep Field-South: a photometric redshift survey of submillimetre galaxies}",
	journal = {\mnras},
	keywords = {galaxies: evolution, galaxies: high-redshift, galaxies: starburst, submillimetre: galaxies, Astrophysics - Cosmology and Nongalactic Astrophysics},
	year = 2011,
	month = aug,
	volume = {415},
	number = {2},
	pages = {1479-1508},
	doi = {10.1111/j.1365-2966.2011.18795.x},
	archivePrefix = {arXiv},
	eprint = {1006.2137},
	primaryClass = {astro-ph.CO},
	adsurl = {https://ui.adsabs.harvard.edu/abs/2011MNRAS.415.1479W},
	adsnote = {Provided by the SAO/NASA Astrophysics Data System}
}

@ARTICLE{Casey_2012,
	author = {{Casey}, C.~M. and {Berta}, S. and {B{\'e}thermin}, M. and {Bock}, J. and
	{Bridge}, C. and {Budynkiewicz}, J. and {Burgarella}, D. and
	{Chapin}, E. and {Chapman}, S.~C. and {Clements}, D.~L. and
	{Conley}, A. and {Conselice}, C.~J. and {Cooray}, A. and {Farrah}, D. and
	{Hatziminaoglou}, E. and {Ivison}, R.~J. and {le Floc'h}, E. and
	{Lutz}, D. and {Magdis}, G. and {Magnelli}, B. and {Oliver}, S.~J. and
	{Page}, M.~J. and {Pozzi}, F. and {Rigopoulou}, D. and {Riguccini}, L. and
	{Roseboom}, I.~G. and {Sanders}, D.~B. and {Scott}, Douglas and
	{Seymour}, N. and {Valtchanov}, I. and {Vieira}, J.~D. and {Viero}, M. and
	{Wardlow}, J.},
	title = "{A Redshift Survey of Herschel Far-infrared Selected Starbursts and Implications for Obscured Star Formation}",
	journal = {\apj},
	keywords = {galaxies: evolution, galaxies: high-redshift, galaxies: starburst, infrared: galaxies, submillimeter: galaxies, Astrophysics - Cosmology and Nongalactic Astrophysics},
	year = 2012,
	month = dec,
	volume = {761},
	number = {2},
	eid = {140},
	pages = {140},
	doi = {10.1088/0004-637X/761/2/140},
	archivePrefix = {arXiv},
	eprint = {1210.4928},
	primaryClass = {astro-ph.CO},
	adsurl = {https://ui.adsabs.harvard.edu/abs/2012ApJ...761..140C},
	adsnote = {Provided by the SAO/NASA Astrophysics Data System}
}

@ARTICLE{Toft_2014,
	author = {{Toft}, S. and {Smol{\v{c}}i{\'c}}, V. and {Magnelli}, B. and
	{Karim}, A. and {Zirm}, A. and {Michalowski}, M. and {Capak}, P. and
	{Sheth}, K. and {Schawinski}, K. and {Krogager}, J. -K. and
	{Wuyts}, S. and {Sanders}, D. and {Man}, A.~W.~S. and {Lutz}, D. and
	{Staguhn}, J. and {Berta}, S. and {Mccracken}, H. and {Krpan}, J. and
	{Riechers}, D.},
	title = "{Submillimeter Galaxies as Progenitors of Compact Quiescent Galaxies}",
	journal = {\apj},
	keywords = {cosmology: observations, galaxies: evolution, galaxies: high-redshift, galaxies: starburst, Galaxy: formation, submillimeter: galaxies, Astrophysics - Astrophysics of Galaxies, Astrophysics - Cosmology and Nongalactic Astrophysics},
	year = 2014,
	month = feb,
	volume = {782},
	number = {2},
	eid = {68},
	pages = {68},
	doi = {10.1088/0004-637X/782/2/68},
	archivePrefix = {arXiv},
	eprint = {1401.1510},
	primaryClass = {astro-ph.GA},
	adsurl = {https://ui.adsabs.harvard.edu/abs/2014ApJ...782...68T},
	adsnote = {Provided by the SAO/NASA Astrophysics Data System}
}

@ARTICLE{Valentino_2020,
	author = {{Valentino}, Francesco and {Tanaka}, Masayuki and {Davidzon}, Iary and
	{Toft}, Sune and {G{\'o}mez-Guijarro}, Carlos and {Stockmann}, Mikkel and
	{Onodera}, Masato and {Brammer}, Gabriel and {Ceverino}, Daniel and
	{Faisst}, Andreas L. and {Gallazzi}, Anna and
	{Hayward}, Christopher C. and {Ilbert}, Olivier and {Kubo}, Mariko and
	{Magdis}, Georgios E. and {Selsing}, Jonatan and {Shimakawa}, Rhythm and
	{Sparre}, Martin and {Steinhardt}, Charles and {Yabe}, Kiyoto and
	{Zabl}, Johannes},
	title = "{Quiescent Galaxies 1.5 Billion Years after the Big Bang and Their Progenitors}",
	journal = {\apj},
	keywords = {594, 456, 621, 1569, 734, 1570, Astrophysics - Astrophysics of Galaxies},
	year = 2020,
	month = feb,
	volume = {889},
	number = {2},
	eid = {93},
	pages = {93},
	doi = {10.3847/1538-4357/ab64dc},
	archivePrefix = {arXiv},
	eprint = {1909.10540},
	primaryClass = {astro-ph.GA},
	adsurl = {https://ui.adsabs.harvard.edu/abs/2020ApJ...889...93V},
	adsnote = {Provided by the SAO/NASA Astrophysics Data System}
}

@ARTICLE{Eales_2010,
	author = {{Eales}, S. and {Dunne}, L. and {Clements}, D. and {Cooray}, A. and
	{De Zotti}, G. and {Dye}, S. and {Ivison}, R. and {Jarvis}, M. and
	{Lagache}, G. and {Maddox}, S. and {Negrello}, M. and {Serjeant}, S. and
	{Thompson}, M.~A. and {Van Kampen}, E. and {Amblard}, A. and
	{Andreani}, P. and {Baes}, M. and {Beelen}, A. and {Bendo}, G.~J. and
	{Benford}, D. and {Bertoldi}, F. and {Bock}, J. and {Bonfield}, D. and
	{Boselli}, A. and {Bridge}, C. and {Buat}, V. and {Burgarella}, D. and
	{Carlberg}, R. and {Cava}, A. and {Chanial}, P. and {Charlot}, S. and
	{Christopher}, N. and {Coles}, P. and {Cortese}, L. and {Dariush}, A. and
	{da Cunha}, E. and {Dalton}, G. and {Danese}, L. and {Dannerbauer}, H. and
	{Driver}, S. and {Dunlop}, J. and {Fan}, L. and {Farrah}, D. and
	{Frayer}, D. and {Frenk}, C. and {Geach}, J. and {Gardner}, J. and
	{Gomez}, H. and {Gonz{\'a}lez-Nuevo}, J. and
	{Gonz{\'a}lez-Solares}, E. and {Griffin}, M. and {Hardcastle}, M. and
	{Hatziminaoglou}, E. and {Herranz}, D. and {Hughes}, D. and {Ibar}, E. and
	{Jeong}, Woong-Seob and {Lacey}, C. and {Lapi}, A. and {Lawrence}, A. and
	{Lee}, M. and {Leeuw}, L. and {Liske}, J. and {L{\'o}pez-Caniego}, M. and
	{M{\"u}ller}, T. and {Nandra}, K. and {Panuzzo}, P. and
	{Papageorgiou}, A. and {Patanchon}, G. and {Peacock}, J. and
	{Pearson}, C. and {Phillipps}, S. and {Pohlen}, M. and {Popescu}, C. and
	{Rawlings}, S. and {Rigby}, E. and {Rigopoulou}, M. and {Robotham}, A. and
	{Rodighiero}, G. and {Sansom}, A. and {Schulz}, B. and {Scott}, D. and
	{Smith}, D.~J.~B. and {Sibthorpe}, B. and {Smail}, I. and
	{Stevens}, J. and {Sutherland}, W. and {Takeuchi}, T. and {Tedds}, J. and
	{Temi}, P. and {Tuffs}, R. and {Trichas}, M. and {Vaccari}, M. and
	{Valtchanov}, I. and {van der Werf}, P. and {Verma}, A. and
	{Vieria}, J. and {Vlahakis}, C. and {White}, Glenn J.},
	title = "{The Herschel ATLAS}",
	journal = {\pasp},
	keywords = {Astrophysics - Cosmology and Nongalactic Astrophysics},
	year = 2010,
	month = may,
	volume = {122},
	number = {891},
	pages = {499},
	doi = {10.1086/653086},
	archivePrefix = {arXiv},
	eprint = {0910.4279},
	primaryClass = {astro-ph.CO},
	adsurl = {https://ui.adsabs.harvard.edu/abs/2010PASP..122..499E},
	adsnote = {Provided by the SAO/NASA Astrophysics Data System}
}

@ARTICLE{Pilbratt_2010,
	author = {{Pilbratt}, G.~L. and {Riedinger}, J.~R. and {Passvogel}, T. and
	{Crone}, G. and {Doyle}, D. and {Gageur}, U. and {Heras}, A.~M. and
	{Jewell}, C. and {Metcalfe}, L. and {Ott}, S. and {Schmidt}, M.},
	title = "{Herschel Space Observatory. An ESA facility for far-infrared and submillimetre astronomy}",
	journal = {\aap},
	keywords = {space vehicles, space vehicles: instruments, infrared: general, submillimetre: general, Astrophysics - Instrumentation and Methods for Astrophysics},
	year = 2010,
	month = jul,
	volume = {518},
	eid = {L1},
	pages = {L1},
	doi = {10.1051/0004-6361/201014759},
	archivePrefix = {arXiv},
	eprint = {1005.5331},
	primaryClass = {astro-ph.IM},
	adsurl = {https://ui.adsabs.harvard.edu/abs/2010A&A...518L...1P},
	adsnote = {Provided by the SAO/NASA Astrophysics Data System}
}

@ARTICLE{Poglitsch_2010,
	author = {{Poglitsch}, A. and {Waelkens}, C. and {Geis}, N. and
	{Feuchtgruber}, H. and {Vandenbussche}, B. and {Rodriguez}, L. and
	{Krause}, O. and {Renotte}, E. and {van Hoof}, C. and {Saraceno}, P. and
	{Cepa}, J. and {Kerschbaum}, F. and {Agn{\`e}se}, P. and {Ali}, B. and
	{Altieri}, B. and {Andreani}, P. and {Augueres}, J. -L. and
	{Balog}, Z. and {Barl}, L. and {Bauer}, O.~H. and {Belbachir}, N. and
	{Benedettini}, M. and {Billot}, N. and {Boulade}, O. and {Bischof}, H. and
	{Blommaert}, J. and {Callut}, E. and {Cara}, C. and {Cerulli}, R. and
	{Cesarsky}, D. and {Contursi}, A. and {Creten}, Y. and
	{De Meester}, W. and {Doublier}, V. and {Doumayrou}, E. and {Duband
	}, L. and {Exter}, K. and {Genzel}, R. and {Gillis}, J. -M. and
	{Gr{\"o}zinger}, U. and {Henning}, T. and {Herreros}, J. and
	{Huygen}, R. and {Inguscio}, M. and {Jakob}, G. and {Jamar}, C. and
	{Jean}, C. and {de Jong}, J. and {Katterloher}, R. and {Kiss}, C. and
	{Klaas}, U. and {Lemke}, D. and {Lutz}, D. and {Madden}, S. and
	{Marquet}, B. and {Martignac}, J. and {Mazy}, A. and {Merken}, P. and
	{Montfort}, F. and {Morbidelli}, L. and {M{\"u}ller}, T. and
	{Nielbock}, M. and {Okumura}, K. and {Orfei}, R. and {Ottensamer}, R. and
	{Pezzuto}, S. and {Popesso}, P. and {Putzeys}, J. and {Regibo}, S. and
	{Reveret}, V. and {Royer}, P. and {Sauvage}, M. and {Schreiber}, J. and
	{Stegmaier}, J. and {Schmitt}, D. and {Schubert}, J. and {Sturm}, E. and
	{Thiel}, M. and {Tofani}, G. and {Vavrek}, R. and {Wetzstein}, M. and
	{Wieprecht}, E. and {Wiezorrek}, E.},
	title = "{The Photodetector Array Camera and Spectrometer (PACS) on the Herschel Space Observatory}",
	journal = {\aap},
	keywords = {space vehicles: instruments, instrumentation: photometers, instrumentation: spectrographs, Astrophysics - Instrumentation and Methods for Astrophysics},
	year = 2010,
	month = jul,
	volume = {518},
	eid = {L2},
	pages = {L2},
	doi = {10.1051/0004-6361/201014535},
	archivePrefix = {arXiv},
	eprint = {1005.1487},
	primaryClass = {astro-ph.IM},
	adsurl = {https://ui.adsabs.harvard.edu/abs/2010A&A...518L...2P},
	adsnote = {Provided by the SAO/NASA Astrophysics Data System}
}

@ARTICLE{Griffin_2010,
	author = {{Griffin}, M.~J. and {Abergel}, A. and {Abreu}, A. and {Ade}, P.~A.~R. and
	{Andr{\'e}}, P. and {Augueres}, J. -L. and {Babbedge}, T. and
	{Bae}, Y. and {Baillie}, T. and {Baluteau}, J. -P. and {Barlow}, M.~J. and
	{Bendo}, G. and {Benielli}, D. and {Bock}, J.~J. and {Bonhomme}, P. and
	{Brisbin}, D. and {Brockley-Blatt}, C. and {Caldwell}, M. and
	{Cara}, C. and {Castro-Rodriguez}, N. and {Cerulli}, R. and
	{Chanial}, P. and {Chen}, S. and {Clark}, E. and {Clements}, D.~L. and
	{Clerc}, L. and {Coker}, J. and {Communal}, D. and {Conversi}, L. and
	{Cox}, P. and {Crumb}, D. and {Cunningham}, C. and {Daly}, F. and
	{Davis}, G.~R. and {de Antoni}, P. and {Delderfield}, J. and
	{Devin}, N. and {di Giorgio}, A. and {Didschuns}, I. and {Dohlen}, K. and
	{Donati}, M. and {Dowell}, A. and {Dowell}, C.~D. and {Duband}, L. and
	{Dumaye}, L. and {Emery}, R.~J. and {Ferlet}, M. and {Ferrand}, D. and
	{Fontignie}, J. and {Fox}, M. and {Franceschini}, A. and
	{Frerking}, M. and {Fulton}, T. and {Garcia}, J. and {Gastaud}, R. and
	{Gear}, W.~K. and {Glenn}, J. and {Goizel}, A. and {Griffin}, D.~K. and
	{Grundy}, T. and {Guest}, S. and {Guillemet}, L. and {Hargrave}, P.~C. and
	{Harwit}, M. and {Hastings}, P. and {Hatziminaoglou}, E. and
	{Herman}, M. and {Hinde}, B. and {Hristov}, V. and {Huang}, M. and
	{Imhof}, P. and {Isaak}, K.~J. and {Israelsson}, U. and
	{Ivison}, R.~J. and {Jennings}, D. and {Kiernan}, B. and {King}, K.~J. and
	{Lange}, A.~E. and {Latter}, W. and {Laurent}, G. and {Laurent}, P. and
	{Leeks}, S.~J. and {Lellouch}, E. and {Levenson}, L. and {Li}, B. and
	{Li}, J. and {Lilienthal}, J. and {Lim}, T. and {Liu}, S.~J. and
	{Lu}, N. and {Madden}, S. and {Mainetti}, G. and {Marliani}, P. and
	{McKay}, D. and {Mercier}, K. and {Molinari}, S. and {Morris}, H. and
	{Moseley}, H. and {Mulder}, J. and {Mur}, M. and {Naylor}, D.~A. and
	{Nguyen}, H. and {O'Halloran}, B. and {Oliver}, S. and {Olofsson}, G. and
	{Olofsson}, H. -G. and {Orfei}, R. and {Page}, M.~J. and {Pain}, I. and
	{Panuzzo}, P. and {Papageorgiou}, A. and {Parks}, G. and
	{Parr-Burman}, P. and {Pearce}, A. and {Pearson}, C. and
	{P{\'e}rez-Fournon}, I. and {Pinsard}, F. and {Pisano}, G. and
	{Podosek}, J. and {Pohlen}, M. and {Polehampton}, E.~T. and
	{Pouliquen}, D. and {Rigopoulou}, D. and {Rizzo}, D. and
	{Roseboom}, I.~G. and {Roussel}, H. and {Rowan-Robinson}, M. and
	{Rownd}, B. and {Saraceno}, P. and {Sauvage}, M. and {Savage}, R. and
	{Savini}, G. and {Sawyer}, E. and {Scharmberg}, C. and {Schmitt}, D. and
	{Schneider}, N. and {Schulz}, B. and {Schwartz}, A. and {Shafer}, R. and
	{Shupe}, D.~L. and {Sibthorpe}, B. and {Sidher}, S. and {Smith}, A. and
	{Smith}, A.~J. and {Smith}, D. and {Spencer}, L. and {Stobie}, B. and
	{Sudiwala}, R. and {Sukhatme}, K. and {Surace}, C. and
	{Stevens}, J.~A. and {Swinyard}, B.~M. and {Trichas}, M. and
	{Tourette}, T. and {Triou}, H. and {Tseng}, S. and {Tucker}, C. and
	{Turner}, A. and {Vaccari}, M. and {Valtchanov}, I. and {Vigroux}, L. and
	{Virique}, E. and {Voellmer}, G. and {Walker}, H. and {Ward}, R. and
	{Waskett}, T. and {Weilert}, M. and {Wesson}, R. and {White}, G.~J. and
	{Whitehouse}, N. and {Wilson}, C.~D. and {Winter}, B. and
	{Woodcraft}, A.~L. and {Wright}, G.~S. and {Xu}, C.~K. and
	{Zavagno}, A. and {Zemcov}, M. and {Zhang}, L. and {Zonca}, E.},
	title = "{The Herschel-SPIRE instrument and its in-flight performance}",
	journal = {\aap},
	keywords = {instrumentation: photometers, instrumentation: spectrographs, space vehicles: instruments, submillimeter: general, Astrophysics - Instrumentation and Methods for Astrophysics},
	year = 2010,
	month = jul,
	volume = {518},
	eid = {L3},
	pages = {L3},
	doi = {10.1051/0004-6361/201014519},
	archivePrefix = {arXiv},
	eprint = {1005.5123},
	primaryClass = {astro-ph.IM},
	adsurl = {https://ui.adsabs.harvard.edu/abs/2010A&A...518L...3G},
	adsnote = {Provided by the SAO/NASA Astrophysics Data System}
}

@ARTICLE{Smith_2017,
	author = {{Smith}, Matthew W.~L. and {Ibar}, Edo and {Maddox}, Steve J. and
	{Valiante}, Elisabetta and {Dunne}, Loretta and {Eales}, Stephen and
	{Dye}, Simon and {Furlanetto}, Christina and {Bourne}, Nathan and
	{Cigan}, Phil and {Ivison}, Rob J. and {Gomez}, Haley and
	{Smith}, Daniel J.~B. and {Viaene}, S{\'e}bastien},
	title = "{The Herschel-ATLAS Data Release 2, Paper I. Submillimeter and Far-infrared Images of the South and North Galactic Poles: The Largest Herschel Survey of the Extragalactic Sky}",
	journal = {\apjs},
	keywords = {cosmology: observations, galaxies: statistics, methods: data analysis, submillimeter: galaxies, surveys, Astrophysics - Astrophysics of Galaxies, Astrophysics - Instrumentation and Methods for Astrophysics},
	year = 2017,
	month = dec,
	volume = {233},
	number = {2},
	eid = {26},
	pages = {26},
	doi = {10.3847/1538-4365/aa9b35},
	archivePrefix = {arXiv},
	eprint = {1712.02361},
	primaryClass = {astro-ph.GA},
	adsurl = {https://ui.adsabs.harvard.edu/abs/2017ApJS..233...26S},
	adsnote = {Provided by the SAO/NASA Astrophysics Data System}
}

@ARTICLE{Vieira_2010,
	author = {{Vieira}, J.~D. and {Crawford}, T.~M. and {Switzer}, E.~R. and
	{Ade}, P.~A.~R. and {Aird}, K.~A. and {Ashby}, M.~L.~N. and
	{Benson}, B.~A. and {Bleem}, L.~E. and {Brodwin}, M. and
	{Carlstrom}, J.~E. and {Chang}, C.~L. and {Cho}, H. -M. and
	{Crites}, A.~T. and {de Haan}, T. and {Dobbs}, M.~A. and {Everett}, W. and
	{George}, E.~M. and {Gladders}, M. and {Hall}, N.~R. and
	{Halverson}, N.~W. and {High}, F.~W. and {Holder}, G.~P. and
	{Holzapfel}, W.~L. and {Hrubes}, J.~D. and {Joy}, M. and {Keisler}, R. and
	{Knox}, L. and {Lee}, A.~T. and {Leitch}, E.~M. and {Lueker}, M. and
	{Marrone}, D.~P. and {McIntyre}, V. and {McMahon}, J.~J. and
	{Mehl}, J. and {Meyer}, S.~S. and {Mohr}, J.~J. and {Montroy}, T.~E. and
	{Padin}, S. and {Plagge}, T. and {Pryke}, C. and {Reichardt}, C.~L. and
	{Ruhl}, J.~E. and {Schaffer}, K.~K. and {Shaw}, L. and {Shirokoff}, E. and
	{Spieler}, H.~G. and {Stalder}, B. and {Staniszewski}, Z. and
	{Stark}, A.~A. and {Vanderlinde}, K. and {Walsh}, W. and
	{Williamson}, R. and {Yang}, Y. and {Zahn}, O. and {Zenteno}, A.},
	title = "{Extragalactic Millimeter-wave Sources in South Pole Telescope Survey Data: Source Counts, Catalog, and Statistics for an 87 Square-degree Field}",
	journal = {\apj},
	keywords = {galaxies: high-redshift, submillimeter: galaxies, surveys, Astrophysics - Cosmology and Extragalactic Astrophysics},
	year = 2010,
	month = aug,
	volume = {719},
	number = {1},
	pages = {763-783},
	doi = {10.1088/0004-637X/719/1/763},
	archivePrefix = {arXiv},
	eprint = {0912.2338},
	primaryClass = {astro-ph.CO},
	adsurl = {https://ui.adsabs.harvard.edu/abs/2010ApJ...719..763V},
	adsnote = {Provided by the SAO/NASA Astrophysics Data System}
}

@ARTICLE{Wilkinson_2017,
	author = {{Wilkinson}, Aaron and {Almaini}, Omar and {Chen}, Chian-Chou and
	{Smail}, Ian and {Arumugam}, Vinodiran and {Blain}, Andrew and
	{Chapin}, Edward L. and {Chapman}, Scott C. and
	{Conselice}, Christopher J. and {Cowley}, William I. and
	{Dunlop}, James S. and {Farrah}, Duncan and {Geach}, James and
	{Hartley}, William G. and {Ivison}, Rob J. and {Maltby}, David T. and
	{Micha{\l}owski}, Micha{\l} J. and {Mortlock}, Alice and
	{Scott}, Douglas and {Simpson}, Chris and {Simpson}, James M. and
	{van der Werf}, Paul and {Wild}, Vivienne},
	title = "{The SCUBA-2 Cosmology Legacy Survey: the clustering of submillimetre galaxies in the UKIDSS UDS field}",
	journal = {\mnras},
	keywords = {galaxies: evolution, galaxies: formation, galaxies: high-redshift, galaxies: starburst, large-scale structure of Universe, Astrophysics - Astrophysics of Galaxies, Astrophysics - Cosmology and Nongalactic Astrophysics},
	year = 2017,
	month = jan,
	volume = {464},
	number = {2},
	pages = {1380-1392},
	doi = {10.1093/mnras/stw2405},
	archivePrefix = {arXiv},
	eprint = {1604.00018},
	primaryClass = {astro-ph.GA},
	adsurl = {https://ui.adsabs.harvard.edu/abs/2017MNRAS.464.1380W},
	adsnote = {Provided by the SAO/NASA Astrophysics Data System}
}

@ARTICLE{Bhattacharyya_1943,
	author = {{Bhattacharyya}, Anil Kumar},
	title = "{On a Measure of Divergence between Two Statistical Populations Defined by Their Probability Distributions}",
	journal = {Bulletin of the Calcutta Mathematical Society},
	year = 1943,
	volume = {35},
	pages = {99-109}
}

@ARTICLE{Skrutskie_2006,
	author = {{Skrutskie}, M.~F. and {Cutri}, R.~M. and {Stiening}, R. and
	{Weinberg}, M.~D. and {Schneider}, S. and {Carpenter}, J.~M. and
	{Beichman}, C. and {Capps}, R. and {Chester}, T. and {Elias}, J. and
	{Huchra}, J. and {Liebert}, J. and {Lonsdale}, C. and {Monet}, D.~G. and
	{Price}, S. and {Seitzer}, P. and {Jarrett}, T. and
	{Kirkpatrick}, J.~D. and {Gizis}, J.~E. and {Howard}, E. and
	{Evans}, T. and {Fowler}, J. and {Fullmer}, L. and {Hurt}, R. and
	{Light}, R. and {Kopan}, E.~L. and {Marsh}, K.~A. and
	{McCallon}, H.~L. and {Tam}, R. and {Van Dyk}, S. and {Wheelock}, S.},
	title = "{The Two Micron All Sky Survey (2MASS)}",
	journal = {\aj},
	keywords = {Catalogs, Infrared: General, Surveys},
	year = 2006,
	month = feb,
	volume = {131},
	number = {2},
	pages = {1163-1183},
	doi = {10.1086/498708},
	adsurl = {https://ui.adsabs.harvard.edu/abs/2006AJ....131.1163S},
	adsnote = {Provided by the SAO/NASA Astrophysics Data System}
}

@ARTICLE{Eales_2015,
	author = {{Eales}, S.~A.},
	title = "{Practical cosmology with lenses}",
	journal = {\mnras},
	keywords = {galaxies: high-redshift, cosmological parameters, cosmology: observations, dark matter, submillimetre: galaxies, Astrophysics - Cosmology and Nongalactic Astrophysics},
	year = 2015,
	month = jan,
	volume = {446},
	number = {3},
	pages = {3224-3234},
	doi = {10.1093/mnras/stu2214},
	archivePrefix = {arXiv},
	eprint = {1312.1242},
	primaryClass = {astro-ph.CO},
	adsurl = {https://ui.adsabs.harvard.edu/abs/2015MNRAS.446.3224E},
	adsnote = {Provided by the SAO/NASA Astrophysics Data System}
}

@ARTICLE{Baldry_2010,
	author = {{Baldry}, I.~K. and {Robotham}, A.~S.~G. and {Hill}, D.~T. and {Driver}, S.~P. and {Liske}, J. and {Norberg}, P. and {Bamford}, S.~P. and {Hopkins}, A.~M. and {Loveday}, J. and {Peacock}, J.~A. and {Cameron}, E. and {Croom}, S.~M. and {Cross}, N.~J.~G. and {Doyle}, I.~F. and {Dye}, S. and {Frenk}, C.~S. and {Jones}, D.~H. and {van Kampen}, E. and {Kelvin}, L.~S. and {Nichol}, R.~C. and {Parkinson}, H.~R. and {Popescu}, C.~C. and {Prescott}, M. and {Sharp}, R.~G. and {Sutherland}, W.~J. and {Thomas}, D. and {Tuffs}, R.~J.},
	title = "{Galaxy And Mass Assembly (GAMA): the input catalogue and star-galaxy separation}",
	journal = {\mnras},
	keywords = {catalogues, surveys, galaxies: distances and redshifts, galaxies: photometry, Astrophysics - Cosmology and Nongalactic Astrophysics},
	year = 2010,
	month = may,
	volume = {404},
	number = {1},
	pages = {86-100},
	doi = {10.1111/j.1365-2966.2010.16282.x},
	archivePrefix = {arXiv},
	eprint = {0910.5120},
	primaryClass = {astro-ph.CO},
	adsurl = {https://ui.adsabs.harvard.edu/abs/2010MNRAS.404...86B},
	adsnote = {Provided by the SAO/NASA Astrophysics Data System}
}

@ARTICLE{Duncan_2018a,
	author = {{Duncan}, Kenneth J. and {Brown}, Michael J.~I. and {Williams}, Wendy L. and {Best}, Philip N. and {Buat}, Veronique and {Burgarella}, Denis and {Jarvis}, Matt J. and {Ma{\l}ek}, Katarzyna and {Oliver}, S.~J. and {R{\"o}ttgering}, Huub J.~A. and {Smith}, Daniel J.~B.},
	title = "{Photometric redshifts for the next generation of deep radio continuum surveys - I. Template fitting}",
	journal = {\mnras},
	keywords = {galaxies: active, galaxies: distances and redshifts, radio continuum: galaxies, Astrophysics - Astrophysics of Galaxies},
	year = 2018,
	month = jan,
	volume = {473},
	number = {2},
	pages = {2655-2672},
	doi = {10.1093/mnras/stx2536},
	archivePrefix = {arXiv},
	eprint = {1709.09183},
	primaryClass = {astro-ph.GA},
	adsurl = {https://ui.adsabs.harvard.edu/abs/2018MNRAS.473.2655D},
	adsnote = {Provided by the SAO/NASA Astrophysics Data System}
}

@ARTICLE{Duncan_2018b,
	author = {{Duncan}, Kenneth J. and {Jarvis}, Matt J. and {Brown}, Michael J.~I. and {R{\"o}ttgering}, Huub J.~A.},
	title = "{Photometric redshifts for the next generation of deep radio continuum surveys - II. Gaussian processes and hybrid estimates}",
	journal = {\mnras},
	keywords = {galaxies: active, galaxies: distances and redshifts, radio continuum: galaxies, Astrophysics - Astrophysics of Galaxies},
	year = 2018,
	month = jul,
	volume = {477},
	number = {4},
	pages = {5177-5190},
	doi = {10.1093/mnras/sty940},
	archivePrefix = {arXiv},
	eprint = {1712.04476},
	primaryClass = {astro-ph.GA},
	adsurl = {https://ui.adsabs.harvard.edu/abs/2018MNRAS.477.5177D},
	adsnote = {Provided by the SAO/NASA Astrophysics Data System}
}

@ARTICLE{Brammer_2008,
	author = {{Brammer}, Gabriel B. and {van Dokkum}, Pieter G. and {Coppi}, Paolo},
	title = "{EAZY: A Fast, Public Photometric Redshift Code}",
	journal = {\apj},
	keywords = {cosmology: observations, galaxies: evolution, galaxies: formation, Astrophysics},
	year = 2008,
	month = oct,
	volume = {686},
	number = {2},
	pages = {1503-1513},
	doi = {10.1086/591786},
	archivePrefix = {arXiv},
	eprint = {0807.1533},
	primaryClass = {astro-ph},
	adsurl = {https://ui.adsabs.harvard.edu/abs/2008ApJ...686.1503B},
	adsnote = {Provided by the SAO/NASA Astrophysics Data System}
}

@ARTICLE{Salvato_2009,
	author = {{Salvato}, M. and {Hasinger}, G. and {Ilbert}, O. and {Zamorani}, G. and {Brusa}, M. and {Scoville}, N.~Z. and {Rau}, A. and {Capak}, P. and {Arnouts}, S. and {Aussel}, H. and {Bolzonella}, M. and {Buongiorno}, A. and {Cappelluti}, N. and {Caputi}, K. and {Civano}, F. and {Cook}, R. and {Elvis}, M. and {Gilli}, R. and {Jahnke}, K. and {Kartaltepe}, J.~S. and {Impey}, C.~D. and {Lamareille}, F. and {Le Floc'h}, E. and {Lilly}, S. and {Mainieri}, V. and {McCarthy}, P. and {McCracken}, H. and {Mignoli}, M. and {Mobasher}, B. and {Murayama}, T. and {Sasaki}, S. and {Sanders}, D.~B. and {Schiminovich}, D. and {Shioya}, Y. and {Shopbell}, P. and {Silverman}, J. and {Smol{\v{c}}i{\'c}}, V. and {Surace}, J. and {Taniguchi}, Y. and {Thompson}, D. and {Trump}, J.~R. and {Urry}, M. and {Zamojski}, M.},
	title = "{Photometric Redshift and Classification for the XMM-COSMOS Sources}",
	journal = {\apj},
	keywords = {catalogs, galaxies: active, methods: miscellaneous, Astrophysics},
	year = 2009,
	month = jan,
	volume = {690},
	number = {2},
	pages = {1250-1263},
	doi = {10.1088/0004-637X/690/2/1250},
	archivePrefix = {arXiv},
	eprint = {0809.2098},
	primaryClass = {astro-ph},
	adsurl = {https://ui.adsabs.harvard.edu/abs/2009ApJ...690.1250S},
	adsnote = {Provided by the SAO/NASA Astrophysics Data System}
}

@ARTICLE{Brown_2014,
	author = {{Brown}, Michael J.~I. and {Moustakas}, John and {Smith}, J. -D.~T. and {da Cunha}, Elisabete and {Jarrett}, T.~H. and {Imanishi}, Masatoshi and {Armus}, Lee and {Brandl}, Bernhard R. and {Peek}, J.~E.~G.},
	title = "{An Atlas of Galaxy Spectral Energy Distributions from the Ultraviolet to the Mid-infrared}",
	journal = {\apjs},
	keywords = {atlases, galaxies: general, galaxies: photometry, techniques: spectroscopic, Astrophysics - Cosmology and Nongalactic Astrophysics},
	year = 2014,
	month = jun,
	volume = {212},
	number = {2},
	eid = {18},
	pages = {18},
	doi = {10.1088/0067-0049/212/2/18},
	archivePrefix = {arXiv},
	eprint = {1312.3029},
	primaryClass = {astro-ph.CO},
	adsurl = {https://ui.adsabs.harvard.edu/abs/2014ApJS..212...18B},
	adsnote = {Provided by the SAO/NASA Astrophysics Data System}
}

@ARTICLE{Almosallam_2016a,
	author = {{Almosallam}, Ibrahim A. and {Lindsay}, Sam N. and {Jarvis}, Matt J. and {Roberts}, Stephen J.},
	title = "{A sparse Gaussian process framework for photometric redshift estimation}",
	journal = {\mnras},
	keywords = {methods: data analysis, galaxies: distances and redshifts, Astrophysics - Instrumentation and Methods for Astrophysics, Astrophysics - Astrophysics of Galaxies, Computer Science - Computer Vision and Pattern Recognition},
	year = 2016,
	month = jan,
	volume = {455},
	number = {3},
	pages = {2387-2401},
	doi = {10.1093/mnras/stv2425},
	archivePrefix = {arXiv},
	eprint = {1505.05489},
	primaryClass = {astro-ph.IM},
	adsurl = {https://ui.adsabs.harvard.edu/abs/2016MNRAS.455.2387A},
	adsnote = {Provided by the SAO/NASA Astrophysics Data System}
}

@ARTICLE{Almosallam_2016b,
	author = {{Almosallam}, Ibrahim A. and {Jarvis}, Matt J. and {Roberts}, Stephen J.},
	title = "{GPZ: non-stationary sparse Gaussian processes for heteroscedastic uncertainty estimation in photometric redshifts}",
	journal = {\mnras},
	keywords = {methods: data analysis, galaxies: distances and redshifts, Astrophysics - Instrumentation and Methods for Astrophysics, I.2.6},
	year = 2016,
	month = oct,
	volume = {462},
	number = {1},
	pages = {726-739},
	doi = {10.1093/mnras/stw1618},
	archivePrefix = {arXiv},
	eprint = {1604.03593},
	primaryClass = {astro-ph.IM},
	adsurl = {https://ui.adsabs.harvard.edu/abs/2016MNRAS.462..726A},
	adsnote = {Provided by the SAO/NASA Astrophysics Data System}
}

@ARTICLE{Dahlen_2013,
	author = {{Dahlen}, Tomas and {Mobasher}, Bahram and {Faber}, Sandra M. and {Ferguson}, Henry C. and {Barro}, Guillermo and {Finkelstein}, Steven L. and {Finlator}, Kristian and {Fontana}, Adriano and {Gruetzbauch}, Ruth and {Johnson}, Seth and {Pforr}, Janine and {Salvato}, Mara and {Wiklind}, Tommy and {Wuyts}, Stijn and {Acquaviva}, Viviana and {Dickinson}, Mark E. and {Guo}, Yicheng and {Huang}, Jiasheng and {Huang}, Kuang-Han and {Newman}, Jeffrey A. and {Bell}, Eric F. and {Conselice}, Christopher J. and {Galametz}, Audrey and {Gawiser}, Eric and {Giavalisco}, Mauro and {Grogin}, Norman A. and {Hathi}, Nimish and {Kocevski}, Dale and {Koekemoer}, Anton M. and {Koo}, David C. and {Lee}, Kyoung-Soo and {McGrath}, Elizabeth J. and {Papovich}, Casey and {Peth}, Michael and {Ryan}, Russell and {Somerville}, Rachel and {Weiner}, Benjamin and {Wilson}, Grant},
	title = "{A Critical Assessment of Photometric Redshift Methods: A CANDELS Investigation}",
	journal = {\apj},
	keywords = {galaxies: distances and redshifts, galaxies: high-redshift, galaxies: photometry, surveys, Astrophysics - Cosmology and Nongalactic Astrophysics},
	year = 2013,
	month = oct,
	volume = {775},
	number = {2},
	eid = {93},
	pages = {93},
	doi = {10.1088/0004-637X/775/2/93},
	archivePrefix = {arXiv},
	eprint = {1308.5353},
	primaryClass = {astro-ph.CO},
	adsurl = {https://ui.adsabs.harvard.edu/abs/2013ApJ...775...93D},
	adsnote = {Provided by the SAO/NASA Astrophysics Data System}
}

@ARTICLE{Patanchon_2009,
	author = {{Patanchon}, Guillaume and {Ade}, Peter A.~R. and {Bock}, James J. and {Chapin}, Edward L. and {Devlin}, Mark J. and {Dicker}, Simon R. and {Griffin}, Matthew and {Gundersen}, Joshua O. and {Halpern}, Mark and {Hargrave}, Peter C. and {Hughes}, David H. and {Klein}, Jeff and {Marsden}, Gaelen and {Mauskopf}, Philip and {Moncelsi}, Lorenzo and {Netterfield}, Calvin B. and {Olmi}, Luca and {Pascale}, Enzo and {Rex}, Marie and {Scott}, Douglas and {Semisch}, Christopher and {Thomas}, Nicholas and {Truch}, Matthew D.~P. and {Tucker}, Carole and {Tucker}, Gregory S. and {Viero}, Marco P. and {Wiebe}, Donald V.},
	title = "{Submillimeter Number Counts from Statistical Analysis of BLAST Maps}",
	journal = {\apj},
	keywords = {cosmology: observations, galaxies: statistics, methods: data analysis, submillimeter, Astrophysics - Cosmology and Extragalactic Astrophysics, Astrophysics - Instrumentation and Methods for Astrophysics},
	year = 2009,
	month = dec,
	volume = {707},
	number = {2},
	pages = {1750-1765},
	doi = {10.1088/0004-637X/707/2/1750},
	archivePrefix = {arXiv},
	eprint = {0906.0981},
	primaryClass = {astro-ph.CO},
	adsurl = {https://ui.adsabs.harvard.edu/abs/2009ApJ...707.1750P},
	adsnote = {Provided by the SAO/NASA Astrophysics Data System}
}

@ARTICLE{Serjeant_2005,
	author = {{Serjeant}, Stephen and {Harrison}, Diana},
	title = "{The local submillimetre luminosity functions and predictions from Spitzer to Herschel}",
	journal = {\mnras},
	keywords = {galaxies: evolution, galaxies: formation, galaxies: starburst, galaxies: statistics, cosmology: observations, infrared: galaxies, Astrophysics},
	year = 2005,
	month = jan,
	volume = {356},
	number = {1},
	pages = {192-204},
	doi = {10.1111/j.1365-2966.2004.08440.x},
	archivePrefix = {arXiv},
	eprint = {astro-ph/0409498},
	primaryClass = {astro-ph},
	adsurl = {https://ui.adsabs.harvard.edu/abs/2005MNRAS.356..192S},
	adsnote = {Provided by the SAO/NASA Astrophysics Data System}
}

@ARTICLE{Wittman_2016,
	author = {{Wittman}, David and {Bhaskar}, Ramya and {Tobin}, Ryan},
	title = "{Overconfidence in photometric redshift estimation}",
	journal = {\mnras},
	keywords = {methods: statistical, surveys, galaxies: photometry, Astrophysics - Cosmology and Nongalactic Astrophysics, Astrophysics - Astrophysics of Galaxies},
	year = 2016,
	month = apr,
	volume = {457},
	number = {4},
	pages = {4005-4011},
	doi = {10.1093/mnras/stw261},
	archivePrefix = {arXiv},
	eprint = {1601.07857},
	primaryClass = {astro-ph.CO},
	adsurl = {https://ui.adsabs.harvard.edu/abs/2016MNRAS.457.4005W},
	adsnote = {Provided by the SAO/NASA Astrophysics Data System}
}

@ARTICLE{Bethermin_2012,
	author = {{B{\'e}thermin}, M. and {Le Floc'h}, E. and {Ilbert}, O. and {Conley}, A. and {Lagache}, G. and {Amblard}, A. and {Arumugam}, V. and {Aussel}, H. and {Berta}, S. and {Bock}, J. and {Boselli}, A. and {Buat}, V. and {Casey}, C.~M. and {Castro-Rodr{\'\i}guez}, N. and {Cava}, A. and {Clements}, D.~L. and {Cooray}, A. and {Dowell}, C.~D. and {Eales}, S. and {Farrah}, D. and {Franceschini}, A. and {Glenn}, J. and {Griffin}, M. and {Hatziminaoglou}, E. and {Heinis}, S. and {Ibar}, E. and {Ivison}, R.~J. and {Kartaltepe}, J.~S. and {Levenson}, L. and {Magdis}, G. and {Marchetti}, L. and {Marsden}, G. and {Nguyen}, H.~T. and {O'Halloran}, B. and {Oliver}, S.~J. and {Omont}, A. and {Page}, M.~J. and {Panuzzo}, P. and {Papageorgiou}, A. and {Pearson}, C.~P. and {P{\'e}rez-Fournon}, I. and {Pohlen}, M. and {Rigopoulou}, D. and {Roseboom}, I.~G. and {Rowan-Robinson}, M. and {Salvato}, M. and {Schulz}, B. and {Scott}, D. and {Seymour}, N. and {Shupe}, D.~L. and {Smith}, A.~J. and {Symeonidis}, M. and {Trichas}, M. and {Tugwell}, K.~E. and {Vaccari}, M. and {Valtchanov}, I. and {Vieira}, J.~D. and {Viero}, M. and {Wang}, L. and {Xu}, C.~K. and {Zemcov}, M.},
	title = "{HerMES: deep number counts at 250 {\ensuremath{\mu}}m, 350 {\ensuremath{\mu}}m and 500 {\ensuremath{\mu}}m in the COSMOS and GOODS-N fields and the build-up of the cosmic infrared background}",
	journal = {\aap},
	keywords = {cosmology: observations, diffuse radiation, galaxies: statistics, galaxies: photometry, submillimeter: galaxies, submillimeter: diffuse background, Astrophysics - Cosmology and Nongalactic Astrophysics},
	year = 2012,
	month = jun,
	volume = {542},
	eid = {A58},
	pages = {A58},
	doi = {10.1051/0004-6361/201118698},
	archivePrefix = {arXiv},
	eprint = {1203.1925},
	primaryClass = {astro-ph.CO},
	adsurl = {https://ui.adsabs.harvard.edu/abs/2012A&A...542A..58B},
	adsnote = {Provided by the SAO/NASA Astrophysics Data System}
}


@ARTICLE{GonzalezNuevo_2014,
	author = {{Gonz{\'a}lez-Nuevo}, J. and {Lapi}, A. and {Negrello}, M. and {Danese}, L. and {De Zotti}, G. and {Amber}, S. and {Baes}, M. and {Bland-Hawthorn}, J. and {Bourne}, N. and {Brough}, S. and {Bussmann}, R.~S. and {Cai}, Z. -Y. and {Cooray}, A. and {Driver}, S.~P. and {Dunne}, L. and {Dye}, S. and {Eales}, S. and {Ibar}, E. and {Ivison}, R. and {Liske}, J. and {Loveday}, J. and {Maddox}, S. and {Micha{\l}owski}, M.~J. and {Robotham}, A.~S.~G. and {Scott}, D. and {Smith}, M.~W.~L. and {Valiante}, E. and {Xia}, J. -Q.},
	title = "{Herschel-ATLAS/GAMA: SDSS cross-correlation induced by weak lensing}",
	journal = {\mnras},
	keywords = {methods: statistical, cosmology: observations, large-scale structure of Universe, infrared: galaxies, Astrophysics - Cosmology and Nongalactic Astrophysics},
	year = 2014,
	month = aug,
	volume = {442},
	number = {3},
	pages = {2680-2690},
	doi = {10.1093/mnras/stu1041},
	archivePrefix = {arXiv},
	eprint = {1401.4094},
	primaryClass = {astro-ph.CO},
	adsurl = {https://ui.adsabs.harvard.edu/abs/2014MNRAS.442.2680G},
	adsnote = {Provided by the SAO/NASA Astrophysics Data System}
}


@ARTICLE{GonzalezNuevo_2017,
	author = {{Gonz{\'a}lez-Nuevo}, J. and {Lapi}, A. and {Bonavera}, L. and {Danese}, L. and {de Zotti}, G. and {Negrello}, M. and {Bourne}, N. and {Cooray}, A. and {Dunne}, L. and {Dye}, S. and {Eales}, S. and {Furlanetto}, C. and {Ivison}, R.~J. and {Loveday}, J. and {Maddox}, S. and {Smith}, M.~W.~L. and {Valiante}, E.},
	title = "{H-ATLAS/GAMA: magnification bias tomography. Astrophysical constraints above \raisebox{-0.5ex}\textasciitilde1 arcmin}",
	journal = {\jcap},
	keywords = {Astrophysics - Astrophysics of Galaxies},
	year = 2017,
	month = oct,
	volume = {2017},
	number = {10},
	eid = {024},
	pages = {024},
	doi = {10.1088/1475-7516/2017/10/024},
	archivePrefix = {arXiv},
	eprint = {1707.03709},
	primaryClass = {astro-ph.GA},
	adsurl = {https://ui.adsabs.harvard.edu/abs/2017JCAP...10..024G},
	adsnote = {Provided by the SAO/NASA Astrophysics Data System}
}

